2970 5010
213 338 255 402 60
402 372 405 378 ·
614 357 736 417 avmrt
759 356 943 406 otcunonts

214 515 321 576 existet
349 522 399 576 aut
427 514 548 576 sceleris
576 522 626 576 aut
653 512 784 576 libidinis
811 522 860 576 eut
888 514 1050 594 largitionis
1074 514 1293 576 accommodate
1316 516 1353 575 ed

80 642 91 669 ⁸
163 638 195 686 53
214 642 316 684 eorum
339 643 439 686 mores
461 625 589 686 infamia.
634 629 729 704 Atque
752 627 840 686 etiam
862 627 893 686 in
915 625 970 686 hec
999 626 1288 705 petitioncmaxime
1312 627 1352 684 vi-

213 734 340 794 dentlum
376 742 421 827 est
454 743 486 794 ut
519 754 586 814 spes
619 737 663 795 rei
695 733 831 814 publicae
862 735 940 797 hona
974 735 1011 801 tle
1040 745 1068 796 te
1099 737 1138 796 sit
1172 743 1201 795 et
1228 735 1353 796 honesta

213 845 323 923 opinio.
368 863 423 905 nec
445 853 544 906 tamen
567 846 596 904 in
620 844 747 924 petendo
769 863 818 906 res
839 844 959 924 publiea
982 843 1164 925 capessendo
1189 853 1234 906 est
1256 863 1353 924 neque
1427 927 1430 931 ,

212 955 243 1012 in
270 963 373 1014 senatu
402 969 500 1032 neque
528 956 558 1014 in
586 956 740 1023 contione,
770 963 815 1015 set
843 954 916 1015 haee
944 954 997 1015 tibi
1024 962 1093 1016 sunt
1120 954 1291 1026 retinenda,
1321 961 1379 1015 ute

213 1072 331 1126 senatus
352 1072 381 1124 te
397 1066 546 1125 existimet
564 1083 598 1125 ex
622 1083 658 1124 eo
681 1064 760 1142 quod
782 1066 823 1125 ita
845 1065 961 1135 vixeris,
985 1065 1171 1125 defensorem
1195 1067 1353 1126 auetorita-

213 1175 342 1234 tissone
365 1176 443 1246 iore,
473 1176 586 1254 equites
615 1183 644 1234 et
672 1176 725 1234 viri
753 1175 824 1236 boni
852 1193 886 1234 ee
914 1173 1083 1254 locupletes
1098 1194 1135 1234 ex
1157 1176 1214 1234 vite
1237 1182 1301 1235 ecta
1324 1183 1354 1236 te

141 1368 146 1372 Ι
212 1282 374 1344 studiosum
403 1287 455 1345 otii
483 1304 516 1345 ee
544 1303 646 1346 rerum
679 1283 919 1363 tranquillatum,
954 1285 1113 1345 multitudo
1147 1303 1182 1344 ex
1210 1305 1245 1345 eo
1274 1285 1353 1362 quod

202 1393 363 1455 ‘dumtaxat
384 1397 519 1456 oratione
540 1397 571 1456 in
594 1395 781 1456 contionibus
809 1414 843 1485 ee
865 1395 973 1456 iudicio
996 1379 1148 1474 popularis
1170 1395 1260 1466 luisti,
1286 1403 1314 1454 te
1336 1415 1352 1456 e

211 1505 272 1565 suis
295 1505 457 1566 commodis
479 1524 539 1566 non
560 1505 688 1566 alienum
711 1505 852 1567 loturum.
1366 1523 1392 1561 10

278 1710 293 1758 2
312 1709 451 1773 peticione
467 1707 470 1773 Ι
486 1712 502 1759 3
520 1708 551 1758 tt·
570 1709 600 1758 P·
620 1707 624 1771 Ι
644 1711 658 1759 7
677 1725 690 1758 r
706 1715 766 1774 post
785 1709 891 1774 equites
908 1710 956 1759 sed
973 1708 1044 1760 obelo
1061 1709 1182 1772 confossa
1199 1715 1224 1758 et
1240 1724 1352 1774 superne

210 1778 340 1840 adpuncta
363 1775 367 1840 Ι
390 1777 480 1827 Socii
503 1774 507 1841 Ι
531 1778 546 1826 9
571 1777 586 1836 ΙΙ
612 1777 669 1828 suis

284 1965 299 2011 2
323 1967 351 2012 et
373 1963 517 2012 infamiam
534 1965 578 2013 t3
605 1961 609 2027 Ι
635 1963 708 2013 hene
727 1962 889 2028 petitionem
906 1965 915 2012 l
933 1965 950 2013 3
970 1965 1005 2013 36
1023 1965 1058 2013 38
1085 1959 1089 2026 Ι
1115 1963 1189 2014 3rei
1207 1956 1349 2027 publicae]

211 2045 232 2080 r.
251 2047 276 2094 p.
295 2033 370 2080 1117
388 2031 561 2081 127romani
579 2031 700 2095 pepulit
718 2033 751 2082 48
769 2033 801 2080 m
819 2030 914 2095 populi
932 2045 998 2082 rom.
1016 2028 1094 2094 150}
1113 2033 1130 2081 4
1148 2031 1241 2094 opinio
1259 2047 1306 2082 om.
1328 2031 1357 2079 V
1422 2084 1427 2088 ,

213 2095 216 2164 Ι
245 2101 261 2147 5
283 2102 347 2148 sunt
368 2099 420 2148 tibi
442 2100 589 2162 Lprneter
613 2102 629 2148 3
653 2102 703 2148 127
731 2101 757 2149 in
778 2099 866 2164 quibas
889 2103 928 2150 est
950 2097 1094 2148 retinenda
1119 2099 1171 2147 tibi
1187 2101 1242 2148 sine
1261 2103 1326 2148 sunt
1346 2097 1350 2161 Ι

212 2169 226 2218 'l
244 2166 352 2215 feruet
371 2167 477 2231 equites
495 2167 601 2216 romani
619 2168 683 2217 boni
703 2171 731 2216 et
748 2165 901 2231 locupletes
915 2168 939 2216 L
957 2168 1007 2216 nisi
1023 2168 1091 2230 quod
1107 2168 1180 2229 prius
1198 2172 1226 2216 et
1243 2169 1352 2216 omisere

212 2236 365 2284 4750122
385 2237 436 2284 124
454 2237 513 2296 126,
532 2234 585 2283 uiri
602 2243 661 2285 ante
679 2235 744 2284 boni
761 2235 863 2284 addidit
880 2237 914 2283 50
936 2233 942 2300 Ι
965 2236 982 2284 8
1001 2249 1032 2284 eo
1050 2234 1193 2284 dumtaxat
1212 2234 1284 2298 quod
1301 2235 1326 2284 L
1346 2231 1349 2299 Ι

211 2305 227 2352 9
246 2302 379 2352 concione
399 2302 556 2367 Grononiasl
576 2304 608 2354 10
625 2302 746 2352 alienum
763 2317 818 2352 non
835 2303 859 2351 L
1182 2351 1185 2357 ,

208 2501 302 2552 paene
314 2501 395 2541 omne
405 2487 537 2554 conferri
543 2487 660 2554 frustra
670 2488 767 2543 uidea—
795 2487 901 2543 adduci
917 2487 1036 2548 sceleris
1050 2493 1100 2543 aut
1111 2487 1237 2543 libidinis
1250 2489 1352 2554 quouis

211 2560 267 2608 tur.
282 2556 768 2620 aequeeuteauan·uidideneanam
795 2561 919 2622 tempore
930 2558 1072 2622 potuerit?
1096 2557 1215 2622 aequius
1232 2561 1296 2611 erat
1308 2556 1351 2610 di-

212 2621 417 2688 quueprofeeto
427 2638 537 2677 summa
547 2625 628 2677 estin
638 2625 692 2678 isto
702 2638 773 2677 eon·
794 2638 861 2679 cere
878 2623 900 2676 si
917 2639 961 2677 res
999 2623 1068 2678 oseit
1086 2629 1136 2678 aut
1147 2624 1170 2676 si
1182 2639 1253 2691 quae
1267 2623 1351 2686 nosti,

212 2689 284 2751 silio,
298 2705 361 2744 cum
373 2690 523 2745 obsecutus
538 2689 642 2746 Orellio
655 2707 767 2757 compa·
794 2705 895 2746 nerum
919 2707 953 2746 ne
976 2641 1048 2746 laec
1065 2692 1176 2757 quidem
1197 2693 1259 2746 siue
1283 2697 1351 2757 apta

212 2759 351 2812 rationem
374 2757 461 2813 babui
481 2759 662 2826 paraprapbi
685 2763 718 2809 rb
738 2760 768 2813 in
794 2761 856 2814 siue
880 2761 977 2825 inepta
1001 2760 1151 2824 uidentur,
1179 2761 1251 2814 satis
1274 2765 1351 2814 sunt.

212 2842 268 2891 qua
285 2827 447 2891 prudenter
462 2824 582 2882 Marcus
600 2827 781 2881 admonetur.
794 2828 888 2881 extitit
904 2829 978 2881 enim
994 2826 1116 2894 infamia
1139 2829 1351 2892 competitorum

212 2899 243 2948 ut
264 2893 393 2949 homines
412 2900 533 2960 propter
556 2897 768 2960 competitorum
794 2894 990 2960 iampridem,
1012 2910 1089 2949 nunc
1108 2909 1170 2949 eam
1187 2895 1280 2949 denuo
1298 2909 1351 2949 ex-

213 2963 353 3016 amicitias
369 2961 403 3016 ab
421 2977 452 3016 se
470 2961 623 3017 alieniores
640 2964 767 3017 reconci-
793 2964 880 3016 istere
897 2969 980 3028 atque
999 2963 1119 3017 crimine
1140 2966 1253 3017 recente
1271 2964 1350 3018 enei·

211 3029 285 3085 liare
297 3030 411 3084 studeat
422 3045 504 3084 suam
516 3045 585 3095 erpa
598 3045 646 3085 eos
658 3045 767 3095 compea
795 3031 854 3084 tari
868 3035 985 3095 oportet.
1021 3047 1077 3096 qua
1095 3045 1128 3084 re
1152 3031 1351 3085 necessarium

212 3098 312 3152 litores
347 3097 565 3152 beniuolentiam
604 3103 766 3152 caussatus.
794 3097 1065 3152 daxibocutetiem
1079 3097 1168 3165 siqua
1199 3097 1350 3153 ossitnoua

213 3165 287 3218 addo
307 3164 379 3218 baec
399 3163 601 3220 accommodata
622 3163 655 3220 ad
673 3181 768 3219 eorum
794 3163 1022 3234 competitoribus
1035 3165 1133 3219 existat
1145 3113 1263 3219 inllmic.

212 3247 303 3286 mores
317 3247 373 3286 non
385 3248 605 3298 superuacanea
614 3234 694 3288 modo
704 3248 768 3288 esse
839 3238 855 3284 2
874 3233 954 3289 etiam
967 3233 995 3286 in
1008 3232 1058 3286 bac
1074 3233 1306 3298 quemadmodum
1320 3234 1350 3286 in

212 3302 243 3353 in
267 3301 396 3354 oratione
413 3303 543 3366 nepantis
561 3301 613 3356 sed
631 3301 766 3356 absurda.
794 3300 1001 3366 superioribus,
1012 3303 1350 3366 munumeinpraeturue

212 3368 332 3434 denique
360 3368 407 3422 bic
434 3369 469 3423 de
497 3371 551 3424 eis‘
563 3369 649 3424 rebus
673 3371 768 3434 apitur
794 3368 937 3434 petitione.

212 3451 284 3500 quae
301 3436 340 3489 ad
354 3436 609 3492 concelebrandum
625 3451 768 3491 rumorem
839 3441 856 3487 5
873 3435 1040 3491 duriuscule
1055 3436 1094 3490 rei
1113 3433 1239 3504 publicae
1251 3450 1350 3490 succe-

214 3503 329 3558 naleant
346 3504 434 3558 idest
453 3505 492 3559 ad
503 3511 645 3571 optumam
657 3504 691 3558 de
702 3503 768 3570 fra·
794 3505 865 3558 dunt
881 3503 948 3558 hece
965 3503 1013 3558 tibi
1031 3509 1096 3557 sunt
1113 3501 1254 3557 retinenda
1267 3503 1351 3558 idest

213 3577 256 3625 tre
285 3572 523 3626 existimationem
555 3574 768 3638 opinionemque
794 3572 914 3626 consilia
924 3571 1039 3637 publica
1051 3573 1081 3624 in
1093 3577 1196 3626 senatu
1208 3572 1351 3626 contione·

212 3641 348 3702 amnium,
366 3640 405 3693 ad
420 3656 503 3704 quam
519 3646 679 3695 ceterorum
699 3655 767 3695 can·
794 3654 847 3704 que
860 3639 1006 3694 reticenda
1018 3639 1068 3694 tibi
1076 3645 1143 3694 sunt
1151 3645 1183 3705 pt
1194 3653 1349 3693 reseruan-

212 3707 373 3760 didatorum
385 3707 507 3774 infamia
517 3708 688 3772 permultum
700 3723 767 3761 con-
793 3708 839 3761 da.
875 3707 977 3761 debinc
993 3709 1069 3762 inter
1090 3708 1176 3761 uitam
1196 3706 1303 3773 fratris
1324 3713 1351 3760 et

212 3773 299 3837 ducit,
310 3773 767 3842 elementisMarciinipsoscom-
794 3776 951 3829 orationem
968 3773 1091 3840 Quintus
1109 3774 1200 3829 simile
1221 3780 1304 3840 atque
1321 3775 1351 3828 in

210 3843 347 3906 petitores
359 3842 535 3908 indulpentia
548 3847 769 3908 autparnmant
793 3839 814 3910 ἕ
831 3849 847 3893 5
863 3843 1017 3897 discrimen
1036 3842 1127 3910 facit:
1151 3843 1263 3896 uixisse
1287 3857 1351 3896 eum

214 3909 291 3963 nibil.
320 3908 401 3974 lonpe
418 3909 533 3965 meliore
550 3910 767 3965 conatuPuler-
794 3909 977 3976 defensorem
1011 3916 1145 3971 senatus,
1181 3909 1352 3975 popularem

213 3992 276 4031 nius
288 3976 375 4030 edidit
394 3983 425 4030 ut
442 3977 523 4031 etiem
537 3978 560 4031 si
574 3994 627 4043 oua
639 3978 729 4043 possit
739 3977 768 4030 in
793 3977 888 4044 fuisse
901 3978 967 4032 dum
980 3983 1062 4032 tanat
1074 3979 1212 4041 oratione,
1225 3978 1352 4031 studium

213 4042 441 4110 competitoribus
459 4045 514 4097 tuis
531 4045 641 4106 existet,
662 4045 767 4100 Guliel-
795 4045 1009 4111 tranquillitatis
1022 4050 1231 4111 expertosesse
1243 4046 1351 4110 equites

212 4113 286 4166 mins
300 4111 323 4164 si
341 4111 386 4164 cni
404 4111 493 4178 possit
510 4112 767 4180 ecompetitoribus
794 4129 829 4167 ne
850 4113 1026 4178 publicanos.
1067 4111 1180 4167 Romani
1210 4113 1285 4178 quod
1313 4113 1353 4166 ad

210 4181 370 4245 proposuit,
385 4181 482 4233 neutri
493 4195 541 4234 res
552 4195 693 4246 prospere
706 4196 766 4235 ces·
794 4182 901 4302 eilanes
919 4181 990 4236 solet
1011 4182 1087 4235 radici
1092 4223 1100 4243 ,
1122 4183 1152 4234 in
1167 4179 1352 4235 Berolinensi

213 4249 258 4300 sit.
283 4250 380 4312 ecquis
392 4247 467 4300 enim
476 4249 571 4312 primu
583 4248 670 4302 buius
682 4247 768 4303 libelli
794 4249 814 4302 li
832 4265 865 4302 ro
881 4249 967 4303 simul
988 4248 1149 4303 incolatum
1173 4264 1208 4301 ae
1229 4247 1352 4302 deletum

213 4316 307 4379 capita
331 4315 396 4378 lepit
417 4319 444 4368 et
461 4321 555 4369 tamen
575 4315 683 4369 dubitat
700 4317 768 4380 quin
794 4316 901 4371 sustuli
917 4322 948 4371 ut
964 4333 1017 4382 quo
1030 4316 1102 4370 bace
1114 4317 1239 4370 ciuitatis
1252 4316 1351 4370 distri-

215 4380 337 4436 Catiliau
346 4383 524 4438 Antoniusne
536 4384 566 4438 in
578 4385 769 4449 suspicionem
794 4385 870 4440 butio
881 4386 1002 4440 minume
1015 4385 1148 4450 indipeat.
