2970 5010
1362 288 1380 351 7

235 462 505 524 commentariolum
528 479 594 522 eum
617 466 707 522 totum
734 479 774 521 en
796 462 859 523 uita
880 477 1008 522 romana
1029 468 1179 536 sumptum
1201 475 1382 536 romanoque

235 569 350 648 nepotio
365 562 570 640 aptatum‘sit,
593 581 688 638 neque
709 571 843 642 tempora
865 581 972 640 resque
993 567 1141 625 maiorum
1163 565 1309 624 miramur
1324 566 1381 623 ali-

235 669 368 742 quotiens
389 669 420 726 in
441 681 561 726 censum
584 668 689 726 uocari
709 672 740 724 ut
756 665 838 726 Coeli
853 665 942 725 Culdi
955 661 1166 745 petitionem§
1183 671 1216 722 11
1231 670 1262 724 et
1275 667 1383 726 Aureli

236 770 336 828 Cottae
358 771 389 828 in
411 748 568 848 ambitione
590 769 752 839 artificium
773 765 852 848 §47
875 781 975 842 neque
992 769 1076 826 nulla
1098 768 1230 842 reperiri
1248 783 1380 840 praseae
1410 829 1414 833 ,

235 871 415 945 disciplinae
436 872 574 945 bestiola,
597 871 658 928 nisi
677 870 708 928 in
731 869 787 930 boc
815 885 938 929 numero
958 867 983 951 ἕ
1000 874 1041 928 -39
1064 869 1208 928 ducamus
1236 869 1287 928 nbi
1303 887 1380 945 per-

231 978 322 1048 petuu
344 973 397 1031 illa
419 973 449 1031 in
472 973 601 1031 transitu
623 972 783 1045 attinpitur
805 972 967 1045 disputatio
989 972 1094 1046 ouibus
1120 959 1380 1032 ¹rebus‘beniuolus
1462 1015 1464 1022 ι

234 1082 263 1134 et
289 1076 445 1134 simulator
473 1075 640 1134 diiudicari
659 1075 769 1148 possit,
799 1090 856 1147 quo
885 1075 922 1134 de
946 1091 1058 1148 ponere
1088 1075 1236 1147 inteprum
1264 1073 1307 1131 ad
1327 1088 1380 1133 nos

204 1225 211 1235 ,
232 1178 368 1250 pervertit
386 1178 463 1236 inter
485 1176 668 1235 Plutarcbeo
696 1177 968 1236 commentariolum
989 1193 1029 1234 en
1052 1165 1243 1250 pbilosopbia
1262 1191 1378 1247 praeca

234 1283 374 1345 tractum,
403 1283 433 1336 et
453 1292 554 1337 uersus
575 1278 755 1336 immiscetur
783 1282 890 1336 temere
917 1278 1043 1336 eredere
1065 1284 1168 1336 uetans
1192 1275 1377 1350 Epicharmi,

234 1381 319 1440 cuius
337 1381 503 1454 praecepta
521 1384 628 1455 poetae
649 1379 721 1438 bene
743 1385 814 1438 nota
840 1379 944 1450 (luinto
962 1379 1060 1451 fnisse
1081 1380 1207 1438 Marcus
1222 1380 1253 1436 in
1268 1377 1378 1437 adboc-

235 1483 343 1540 tutione
371 1483 435 1541 eius
461 1482 610 1555 sipnificat
636 1483 718 1555 epist.
741 1480 798 1539 III
820 1487 843 1547 t,
869 1488 914 1539 23.
947 1488 1043 1539 tumen
1078 1481 1115 1538 de
1142 1482 1279 1540 uniuerso
1301 1496 1378 1539 eom·

234 1585 402 1643 menturioli
418 1583 523 1655 formo
544 1588 572 1642 et
594 1583 792 1657 dispositione,
813 1589 976 1657 praetereo
998 1583 1035 1641 de
1056 1582 1181 1655 sinpulis
1203 1581 1378 1656 quibusdam

233 1684 381 1760 capitibus
403 1687 482 1744 uelut
503 1685 541 1743 de
563 1685 725 1743 amicorum
756 1690 843 1758 atque
871 1685 1115 1744 aduersariorum
1140 1683 1299 1757 peneribus
1322 1685 1376 1742 uti·

234 1786 309 1859 quid
331 1785 470 1856 Quintum
493 1786 652 1846 addiscere
672 1787 817 1845 etiamen
836 1788 957 1859 praecis
978 1785 1062 1846 libris
1082 1787 1212 1860 potuisse
1234 1787 1300 1858 quis
1322 1802 1378 1844 ne-

230 1884 336 1960 pulit?
358 1904 452 1962 neque
466 1890 557 1962 ipitur
572 1889 675 1948 inutile
688 1895 732 1947 est
758 1886 954 1962 ibeopbrasti
967 1887 1004 1947 de
1020 1887 1177 1947 ambitione
1191 1877 1283 1944 libros
1305 1887 1378 1944 cinos

232 1991 397 2049 meminisse
428 2005 500 2063 quos
533 1991 563 2047 in
596 1989 771 2051 bibliotheca
804 2007 861 2048 sua
896 1989 1020 2060 Quintus
1047 1989 1200 2057 babuerit,
1238 1989 1377 2062 quonium

235 2091 360 2151 Marcus
388 2092 483 2151 Attico
510 2091 548 2150 II
574 2099 605 2160 3,
636 2098 654 2149 :l
681 2108 760 2152 anno
793 2091 1076 2151 DCLXXXXIIII
1104 2092 1179 2150 boec
1207 2091 1376 2150 mandauit:

233 2185 457 2276 Θεοφράστου
476 2188 552 2274 περὶ
575 2191 766 2272 φιλοτιμίας
788 2188 877 2254 adies
900 2192 973 2253 mihi
988 2193 1025 2252 do
1040 2190 1126 2252 libris
1149 2193 1375 2264 Quintianus.

233 2295 424 2377 φιλοτιμίας
445 2297 522 2356 enim
552 2298 698 2356 Victorius
713 2297 911 2371 probabiliter
932 2298 1065 2355 corrosit
1079 2312 1120 2354 eac
1133 2297 1273 2370 Diopenis
1293 2305 1376 2357 cato·

125 2467 153 2486 ·
232 2402 298 2472 lopo
334 2399 380 2458 VI
400 2397 424 2479 ἕ
454 2405 508 2466 45,
540 2397 693 2457 Mediceus
721 2397 795 2456 liber
822 2395 993 2475 φιλοιείας
1018 2397 1106 2456 babet
1131 2405 1160 2456 et
1186 2401 1216 2457 in
1239 2401 1376 2472 marpine

232 2500 413 2560 emendandi
437 2501 599 2558 tentamina
624 2498 701 2559 liaeo
731 2497 928 2578 φιλολογίας
960 2496 1169 2579 φιλονεικίας
1197 2497 1376 2578 φιλοθείάς

236 2598 426 2697 φιλαυτίας.
1137 2583 1141 2588 ’

318 2701 420 2763 Oratio
444 2701 544 2774 Quinti
563 2703 643 2763 sicco
664 2701 763 2762 sobria
786 2705 1107 2788 invenustapuuntum
1129 2703 1269 2763 aMorei
1289 2705 1373 2765 uber-

232 2812 291 2865 tate
315 2803 465 2878 facilitate
491 2807 642 2879 elepuntia
664 2805 786 2865 dicendi
807 2805 910 2874 distet,
939 2822 998 2865 non
1017 2811 1113 2880 potest
1133 2821 1250 2865 sensum
1272 2809 1374 2866 cuius-

202 2894 209 2900 ’
231 2924 319 2983 quom
338 2907 459 2982 supere.
504 2909 604 2982 itaque
625 2924 692 2966 cum
715 2907 860 2966 italorum
882 2909 975 2989 culpa
996 2908 1165 2968 scribarum
1188 2909 1375 2981 aliquamdiu

230 3016 305 3070 esset
326 3010 490 3070 dubitatum
512 3015 578 3069 uter
600 3009 704 3069 Cicero
725 3009 801 3069 boec
822 3012 999 3085 scripsisset,
1029 3025 1099 3070 mou
1121 3016 1219 3069 tomen
1248 3028 1307 3070 non
1329 3027 1374 3071 so-

231 3115 291 3171 lam
312 3114 491 3173 consulatus
512 3112 629 3170 ratione
650 3111 688 3168 ab
716 3127 775 3170 uno
801 3111 910 3173 Marco
935 3114 1013 3186 pesti
1039 3112 1205 3180 sedetiam
1233 3115 1375 3172 orationis

230 3215 435 3274 mediocritate
448 3214 583 3272 commoti
595 3219 670 3290 sunt
679 3219 711 3272 ut
730 3212 829 3283 Quinti
842 3215 1030 3274 uindicarent
1045 3215 1261 3273 auctoritatem.
1285 3224 1374 3288 atqcue

189 3306 196 3314 '
232 3318 383 3376 Henricus
405 3315 575 3391 Stephanus
594 3315 853 3389 pseudociceronis
870 3332 904 3391 p.
924 3321 980 3374 180
1001 3317 1082 3390 quod
1103 3315 1258 3389 dictionem
1275 3315 1376 3386 Quinti

230 3433 297 3476 cum
315 3415 430 3488 fratris
450 3433 585 3477 sermone
605 3419 745 3476 collatam
766 3419 888 3492 scripsit
908 3419 1019 3477 rudere
1047 3417 1192 3477 delicatus
1214 3434 1317 3488 aures,
1342 3420 1375 3477 id

230 3521 349 3579 tametsi
372 3536 407 3579 eo
436 3503 566 3594 tempore
594 3519 755 3577 iudicatum
783 3528 827 3578 est
853 3536 911 3594 quo
938 3519 1125 3592 deformatus
1152 3520 1267 3578 libellus
1296 3523 1374 3581 uitiis

227 3621 408 3694 foedissimis
429 3620 709 3694 circumferebatur,
732 3628 830 3680 tamen
851 3638 888 3680 ne
909 3622 996 3681 bodie
1017 3622 1134 3695 quidem
1156 3622 1291 3682 sordibus
1307 3627 1372 3698 ple-

231 3727 330 3798 risque
352 3724 476 3783 detersis
499 3724 687 3783 disconvenit.
729 3721 887 3794 fastidium
909 3726 987 3783 enim
1009 3729 1124 3784 mouent
1143 3725 1173 3781 in
1192 3726 1373 3797 firmioribus
1439 3701 1445 3712 ’

231 3827 373 3886 orationis
405 3827 593 3899 capitumque
622 3828 820 3885 commissuris
852 3827 1013 3886 similitudo
1039 3826 1092 3884 illo
1127 3825 1267 3901 quoniam
1296 3845 1371 3905 quac

231 3925 360 3987 subsidio
384 3923 510 3986 haberes
532 3927 671 4005 exposui,
704 3945 783 3986 nuno
806 3925 843 3986 do
871 3925 1072 4004 magnitudine
1095 3927 1247 4005 petitionis
1271 3927 1370 3988 dicon·

231 4028 302 4088 dum
324 4025 455 4087 videtur:
487 4029 625 4104 quonism
655 4011 857 4090 assectationis
885 4029 996 4089 mentio
1019 4029 1095 4089 iacta
1119 4035 1177 4098 est,
1202 4029 1230 4088 id
1254 4048 1371 4108 quoquo

231 4129 411 4192 οοιοοίιιιιι
430 4135 489 4188 est:
523 4130 661 4207 quoniam
693 4131 723 4189 in
754 4132 916 4192 amicorum
946 4130 1051 4191 studiis
1080 4131 1153 4192 haec
1182 4133 1277 4192 oratio
1306 4150 1370 4191 vor-

230 4241 319 4302 satur,
344 4232 393 4310 qui
413 4228 498 4290 iocus
521 4230 669 4291 cavendus
693 4239 736 4293 cst
758 4233 1040 4312 praetermittendus
1063 4252 1125 4293 non
1141 4233 1270 4293 videtur:
1296 4251 1368 4310 quo·

230 4335 308 4394 niani
332 4333 369 4395 de
392 4332 528 4393 amicitiis
550 4333 620 4393 sotis
643 4332 752 4394 dictum
776 4343 828 4408 cst,
853 4334 1010 4402 dicendum
1035 4341 1079 4395 est
1101 4333 1138 4393 de
1161 4333 1252 4395 altera
1275 4342 1368 4415 parte,
