2970 5010
83 325 257 388 ι12

215 502 359 560 sententia
382 517 401 558 a
426 499 530 570 Quinto
552 501 582 556 in
596 496 621 579 ἕ
637 505 677 557 42
697 500 852 557 enuntiata
873 512 959 557 suum
981 492 1060 556 hanc
1081 498 1179 557 sedern
1202 498 1359 558 obtinuisse

214 602 316 676 fertur
337 609 444 663 contro
466 589 563 674 atque
582 604 613 660 in
641 602 746 660 ceteris
773 599 859 658 libris
879 599 1011 658 omnibus
1037 601 1150 660 accidit
1169 606 1203 658 ut
1224 600 1266 660 ibi
1285 616 1358 661 casu

216 707 318 778 aliquo
340 705 504 776 intercepta
526 708 554 761 et
581 705 669 771 iuncto
690 701 848 761 exordium
875 703 1020 775 epistulae
1041 703 1187 762 collocata
1209 703 1240 759 in
1262 703 1358 762 locum

217 807 369 866 deveniret
390 807 600 864 alienissimum
621 801 686 884 §h
710 803 796 862 modo
817 803 891 861 liber
913 804 966 860 iste
982 804 1080 875 qualis
1098 802 1197 875 fuerit
1210 809 1360 862 constaret

213 908 394 981 fiduciarius
420 923 460 965 an
487 908 705 965 coniecturalis.
754 907 919 966 consimiles
952 911 1049 965 autem
1078 904 1280 964 Berolinensis
1307 911 1359 965 ant

217 1027 275 1069 non
302 1011 393 1068 mullo
420 1007 581 1068 deteriores
613 1007 743 1068 Tarnebi
768 1007 864 1067 codex
891 1012 920 1065 et
948 1010 1070 1068 Gruteri
1089 1007 1299 1066 Mauricianus
1320 1023 1374 1068 ac·

188 1187 190 1191 Α
216 1112 373 1170 Palatinus
392 1109 483 1182 suere
510 1110 566 1169 sed
586 1111 640 1183 qui
665 1126 759 1183 nepae
785 1111 931 1183 ampliore
958 1125 1048 1182 quam
1075 1112 1125 1169 ille
1146 1125 1201 1168 nec
1225 1109 1358 1181 firmiore

216 1229 340 1286 inquam
361 1212 490 1271 subsidio
512 1211 662 1270 emendat'
639 1218 744 1270 tionem
765 1213 910 1270 muniant.
955 1213 1053 1284 daque
1074 1213 1143 1270 olim
1165 1210 1283 1285 quidem
1298 1212 1345 1270 ill
1333 1228 1359 1270 ιι

130 1388 138 1400 ·
217 1317 288 1374 airis
309 1320 356 1372 sat
356 1316 381 1372 is
398 1311 586 1389 profuerant
606 1315 664 1372 aim
686 1315 822 1387 uitiorum
844 1314 1013 1374 ieaaturis'
1001 1329 1166 1381 immanem,
1190 1330 1272 1373 nunc
1286 1329 1357 1372 uero

216 1433 270 1476 nos
291 1431 380 1489 arram
399 1414 509 1486 secisse
530 1413 665 1473 uidemur
686 1417 835 1474 iacturam
857 1403 959 1475 eorum
980 1431 1075 1488 aequo
1097 1416 1196 1474 animo
1213 1416 1356 1489 patimur.

218 1526 249 1577 ot
270 1519 358 1590 lonpe
384 1504 580 1576 miserrimum
607 1517 751 1577 librorum
777 1534 872 1590 penus
893 1517 1032 1598 Italicum
1060 1524 1103 1576 est
1124 1519 1224 1591 quinto
1246 1517 1359 1575 decimo

216 1621 336 1680 saecuto
357 1624 458 1677 notam
484 1619 535 1677 cui
559 1618 825 1692 Lapomarsiniani
847 1621 985 1694 plerique
1021 1620 1180 1678 Vossianus
1202 1618 1358 1676 Parisinus

217 1723 327 1796 aliique
343 1720 529 1794 odsipnundi
543 1727 621 1779 sunt.
665 1737 795 1795 quosne
817 1724 882 1794 quis
905 1738 924 1779 a
946 1721 1133 1781 Berolinensi
1149 1723 1248 1796 potius
1270 1735 1358 1793 quam

169 1872 174 1876 .
217 1841 237 1882 ιι
258 1824 361 1882 uiliore
382 1823 513 1882 eiusdem
535 1825 715 1883 recensionis
737 1826 874 1898 exemplo
896 1824 1093 1897 depencrasse
1113 1828 1234 1889 statuat,
1250 1821 1360 1880 habent

210 1925 298 2009 puod
319 1925 400 1983 deest
420 1927 451 1984 in
474 1927 525 1984 illo
552 1941 610 1984 nec
631 1941 704 1984 sane
725 1925 799 1985 Itali
820 1927 945 1985 hominis
965 1928 1140 1987 coniectura
1157 1925 1289 1999 potuisse
1309 1939 1358 1983 rc·

215 2029 312 2102 periri
333 2026 472 2087 credetur
493 2023 517 2107 §
540 2032 573 2084 19
595 2030 697 2102 quarti
716 2029 790 2088 ciuis
811 2044 915 2086 nomen
944 2025 1072 2087 Corneli.
1118 2027 1155 2086 de
1177 2027 1292 2100 reliquo
1312 2041 1358 2084 so·
1444 2035 1449 2050 “

216 2121 273 2190 lidi
289 2128 412 2201 fructus
433 2146 474 2188 eu
495 2131 537 2189 eis
558 2130 634 2188 nihil
652 2131 773 2204 percipi
789 2130 918 2202 fidenter
940 2141 1075 2188 assevero
1102 2132 1160 2190 nisi
1187 2134 1220 2187 ul
1238 2143 1358 2203 proces·

216 2247 266 2291 sus
287 2232 530 2307 corruptelarum
552 2239 748 2304 capnoscatur
760 2249 858 2307 prope
872 2233 1074 2292 incredibilem
1090 2235 1120 2291 in
1135 2233 1253 2291 modum
1269 2235 1358 2291 inter-

216 2334 345 2411 polandi
368 2333 500 2393 lubidine
524 2339 645 2402 auctus,
674 2336 759 2394 cuius
785 2339 832 2395 uel
858 2337 1019 2394 minumum
1043 2343 1163 2410 partem
1187 2335 1307 2408 furoris
1333 2337 1360 2395 si

216 2437 367 2513 prioribus
388 2451 502 2510 auoque
523 2437 650 2494 sacculis
672 2438 818 2496 attribuas
841 2439 884 2509 (et
896 2455 933 2496 ne
948 2438 1024 2497 haec
1038 2439 1156 2511 quidem
1171 2439 1360 2513 abhorruisse

126 2543 130 2548 ’
218 2540 256 2599 ab
284 2539 510 2612 interpolatione
536 2545 687 2612 receptum
721 2541 752 2598 in
781 2538 1004 2599 Berolinensem
1036 2541 1179 2600 emblema
1205 2539 1230 2622 5
1258 2547 1274 2599 9
1303 2559 1359 2618 qua

218 2636 341 2702 Cohilina
370 2641 535 2699 luculenter
560 2639 697 2714 profecto
725 2641 918 2716 demonstrat)
948 2657 1006 2700 non
1034 2650 1094 2702 tam
1121 2645 1277 2702 uiolentam
1313 2659 1360 2703 me

214 2743 310 2816 fuisse
332 2745 363 2802 ia
384 2743 579 2816 repurpando
597 2742 696 2812 Ouinti
714 2759 847 2802 sermone
868 2744 1069 2818 reprehendes
1081 2728 1197 2820 'opinor
1216 2762 1306 2820 quam
1328 2748 1360 2805 in

199 2846 426 2922 ἢιιιιιιιιιιιιιιιιι
444 2845 612 2905 scribarum
634 2847 751 2919 ineptiis
772 2846 860 2905 nimis
886 2847 1006 2906 lentum.
1050 2848 1105 2906 sed
1126 2855 1159 2908 at
1185 2848 1222 2906 dc
1244 2848 1360 2906 italicis

216 2948 300 3007 libris
319 2963 423 3021 pauca
444 2941 566 3014 addam,
591 2946 747 3008 duodecim
770 2947 970 3022 Hieronymus
984 2949 1229 3022 Lapomarsinins
1249 2949 1360 3010 adhoc

208 3030 488 3110 'commentariolum
524 3049 706 3108 adhibuerat
738 3053 850 3122 parlim
886 3053 1104 3125 manuscriptos
1132 3054 1247 3127 partim
1284 3055 1360 3127 typis

217 3166 376 3227 expressos
399 3165 523 3224 auorum
539 3153 638 3210 nullas
657 3158 779 3226 praeter
801 3151 1028 3213 Lambinianum
1050 3168 1174 3213 numero
1197 3161 1235 3212 50
1257 3153 1295 3212 ab
1310 3155 1360 3211 illo

217 3259 351 3313 notatum
377 3254 445 3311 usui
471 3268 533 3311 meo
561 3254 684 3312 aliunde
710 3253 845 3328 putebat,
874 3271 950 3312 nam
971 3271 1011 3314 en
1033 3253 1063 3314 S.
1088 3255 1192 3315 Marci
1217 3255 1318 3314 codice
1339 3270 1359 3312 a

218 3353 586 3430 Schwarzioproltaet
608 3371 769 3430 perpauca
790 3362 906 3415 suntet
927 3357 1070 3417 dissident
1096 3358 1271 3432 aliquotiens
1292 3373 1359 3417 oum

155 3476 163 3485 ’
216 3456 429 3531 Lapomarsini
455 3457 494 3516 de
526 3463 545 3516 3
574 3472 627 3516 sao
654 3463 709 3516 ttes
710 3459 834 3518 imoniis.
877 3459 1169 3533 Laaomarsinianae
1196 3461 1298 3519 collat'
1275 3460 1360 3518 tronis

217 3560 425 3634 apopraphum
453 3558 545 3617 nitide
569 3559 639 3631 fact
640 3575 688 3617 um
715 3561 769 3618 sed
794 3576 852 3619 non
878 3577 1005 3635 prorsas
1031 3567 1173 3620 accurate
1193 3560 1360 3622 aIesaitis

211 3678 271 3736 per
299 3663 437 3736 Wapium
457 3663 634 3735 popularem
656 3678 740 3722 suum
765 3661 956 3739 Tydemanus
978 3667 1141 3737 acceperat
1160 3663 1213 3734 qui
1237 3665 1360 3734 reputas

217 3763 255 3821 ab
268 3761 395 3834 Alsredo
405 3763 537 3821 Holdero
552 3769 653 3822 nostro
667 3779 726 3823 non
742 3764 819 3824 illud
832 3771 945 3823 tantum
960 3762 1115 3821 sedetiam
1130 3763 1194 3821 alia
1206 3761 1244 3820 de
1260 3761 1362 3832 Ouiuti

216 3867 454 3924 commentariolo
475 3866 634 3938 consipnat
634 3882 653 3924 ι
623 3866 706 3924 ιιι
721 3867 800 3925 selit
789 3867 871 3925 lteris
886 3865 1160 3940 collectaauemihl
1176 3863 1360 3938 perbenipne
1458 3877 1460 3881 ·

217 3966 353 4025 tradidit.
397 3968 474 4026 inter
495 3967 571 4028 haec
592 3974 660 4026 erat
679 3969 767 4026 etiarn
796 3969 934 4027 Vossiani
954 3968 1057 4026 ιοιιιι
1035 3973 1073 4025 ιιι
1081 3967 1275 4026 colodicislt
1276 3964 1358 4038 ,ιιι

217 4084 246 4127 a.
272 4073 307 4126 91
329 4076 416 4140 auem
445 4070 546 4142 quinto
568 4069 681 4129 decimo
702 4071 822 4129 saeculo
839 4068 936 4141 foeda
957 4070 1052 4144 script
1053 4085 1110 4127 ura
1137 4068 1307 4141 confectum
1329 4069 1359 4125 in

222 4167 380 4228 Theuenoti
400 4169 484 4229 libris
505 4171 655 4245 quondam
675 4170 771 4244 faisse
799 4171 840 4229 du
862 4170 940 4231 Rieu
961 4188 1007 4231 mc
1031 4172 1133 4231 docuit
1154 4169 1361 4244 [mothonensis

217 4270 407 4330 bibliothecae
428 4280 534 4342 custos,
557 4276 620 4348 ipse
642 4274 776 4340 intellexi
802 4289 842 4330 en
861 4274 935 4347 pari
955 4289 993 4332 ae
1014 4273 1300 4346 Lapomarsiniauos
1323 4276 1360 4327 36

217 4359 246 4432 et
263 4377 301 4433 38
315 4370 451 4450 cdenrplo
475 4376 594 4434 ductum
612 4391 675 4434 esse
693 4376 837 4450 peiusque
854 4373 1055 4450 deformatum
1078 4373 1200 4434 scribae
1219 4370 1358 4431 ludibrio.
