2970 5010
423 355 752 404 counrcnrnmouvn
776 354 973 401 rerrrronrs
1224 337 1267 400 ta

125 515 291 585 elaborato,
321 533 358 575 ne
381 534 434 594 spe
457 515 487 574 in
510 512 606 592 atiquo
629 513 741 573 maiore
768 512 865 590 posita
893 511 1032 591 praesidii
1059 528 1165 589 parunt
1187 529 1267 570 com·

117 633 254 706 paretur.
363 625 399 685 Et
420 606 598 704 qnarnqnam
621 624 714 702 partis
736 641 770 683 ac
792 622 920 682 fundatis
942 622 1079 684 amicitiis
1100 622 1209 681 iretum
1232 640 1265 681 ac
1280 632 1370 684 v1125

123 738 271 797 munitum
295 753 360 796 csse
383 742 513 815 oporiet,
544 743 642 794 tamen
665 735 696 793 in
718 734 782 812 ipsa
805 734 947 811 petitione
970 732 1116 792 amicitiae
1139 729 1269 811 permut·

125 855 171 908 333
194 866 227 908 33
250 844 393 925 perutiles
416 855 636 925 corriperentur.
681 862 749 902 nam
772 844 802 902 in
826 843 931 902 ceteris
953 841 1094 902 molestiis
1109 841 1198 902 habet
1213 840 1269 902 hoc

32 992 35 997 ·
98 979 110 1015 a
126 965 222 1018 tamen
245 957 348 1036 petitio
371 955 533 1016 commodi:
564 962 649 1035 potes
676 953 814 1022 honeste,
845 952 923 1030 quod
952 955 981 1013 in
1010 959 1108 1013 cetera
1132 954 1187 1012 rita
1210 971 1269 1012 non

125 1085 231 1144 33333,
262 1084 467 1146 quoscumque
497 1064 580 1136 velis,
610 1064 772 1141 adiungere
795 1063 831 1127 ad
854 1064 1022 1133 amicitiam,
1047 1062 1222 1141 quibuscum
1245 1065 1269 1122 si

126 1174 182 1236 aiio
212 1183 347 1256 tempore
377 1194 459 1254 agas,
490 1175 618 1236 3333333
647 1177 744 1235 iacere
774 1174 907 1244 videare,
942 1175 972 1232 in
999 1174 1141 1253 petitione
1169 1182 1268 1233 autem

130 1288 185 1347 nisi
209 1286 238 1346 id
261 1288 351 1347 iacias
375 1294 492 1346 etcum
516 1285 616 1346 multis
640 1293 669 1345 et
691 1285 862 1363 diligenter,
891 1283 988 1368 nuilus
1010 1285 1119 1363 petitor
1143 1301 1206 1344 esse
1230 1284 1269 1341 ri·

127 1395 326 1474 dea1·c..ego
350 1404 447 1457 autern
471 1373 525 1456 tibi
548 1397 604 1457 hoe
628 1398 786 1465 33333333,
818 1413 882 1455 3333
905 1396 1069 1463 neminem,
1093 1395 1151 1454 nisi
1173 1393 1270 1471 aliqua
1288 1392 1321 1440 ‘25

89 1526 112 1563 3
127 1506 346 1569 necessitudine
373 1509 602 1586 competitorum
631 1506 718 1567 alicui
747 1513 864 1568 tuorum
897 1507 935 1565 sit
963 1504 1133 1573 adiunctus,
1167 1525 1184 1565 3
1211 1524 1269 1584 spuo

128 1637 188 1679 non
211 1617 297 1678 tacite
321 1619 345 1677 si
370 1618 569 1688 contenderis
593 1619 753 1696 impetrare
776 1618 880 1696 possis,
905 1623 937 1676 ut
958 1635 1012 1677 suo
1035 1615 1179 1677 beneficio
1200 1633 1269 1694 pro-

128 1735 294 1798 mereatur,
324 1748 356 1788 33
387 1735 418 1788 33
440 1747 521 1788 ames
544 1737 573 1789 et
594 1728 652 1788 sibi
680 1735 713 1788 ut
742 1727 866 1795 debeas;
895 1724 983 1791 inodo
1014 1734 1045 1786 ut
1071 1725 1214 1804 intelligat
1243 1733 1270 1784 te

129 1839 225 1915 rnagoi
253 1839 409 1899 aestimare
439 1857 473 1899 ex
497 1839 596 1899 animo
624 1857 729 1917 agera,
759 1837 835 1898 hene
864 1857 896 1897 33
924 1856 1051 1916 ponere,
1080 1837 1145 1896 iore
1176 1852 1211 1894 ex
1235 1855 1270 1894 33

194 2042 344 2092 2333313333
362 2044 409 2092 333
427 2041 548 2105 eisuper
566 2043 725 2105 inscriptae
753 2038 756 2105 Ι
784 2041 962 2092 3amiciciac
991 2036 994 2106 Ι
1021 2036 1269 2105 433333333333Ι

127 2111 253 2159 5333333
270 2110 375 2160 notit-io
402 2107 406 2173 Ι
432 2112 447 2158 ti
468 2109 502 2159 ad
520 2110 700 2159 inimiciciam
727 2108 731 2172 Ι
758 2112 772 2158 't
797 2109 891 2173 aliquo
916 2107 920 2173 Ι
949 2109 1087 2174 peticione
1115 2108 1119 2170 Ι
1145 2107 1271 2160 esaeias

126 2180 238 2242 scripsi:
258 2193 326 2242 agas
349 2194 396 2244 quo
414 2185 518 2227 serrinto
542 2180 672 2228 delendum
691 2183 747 2228 crat
765 2177 793 2226 id
820 2175 824 2242 Ι
848 2177 950 2229 nullius
977 2174 980 2242 Ι
1010 2179 1040 2226 13
1059 2192 1158 2240 magne
1178 2176 1271 2226 existi-

128 2262 202 2296 mare
1187 2250 1200 2273 '

196 2432 321 2482 luideto
339 2435 348 2481 t
366 2435 399 2483 48
418 2435 449 2481 43
468 2436 501 2482 33
520 2436 548 2481 33
566 2431 659 2481 uidete
679 2434 688 2479 t
706 2434 740 2480 38
760 2435 788 2480 33
807 2430 899 2480 uideto
918 2433 927 2480 l
944 2433 1036 2496 reliqui
1061 2430 1065 2492 Ι
1092 2433 1155 2480 ‘iet
1172 2430 1272 2480 iuuda·
1342 2427 1346 2434 ⁸

130 2502 165 2550 tis
183 2501 207 2549 L
223 2497 258 2564 Ι3
277 2504 417 2563 oporteret
434 2500 459 2548 L
473 2509 582 2565 praeter
601 2503 635 2550 33
654 2503 688 2550 38
706 2503 739 2548 53
758 2503 807 2549 117
823 2498 827 2562 Ι
842 2501 857 2550 5
875 2499 972 2563 petitio
991 2515 1037 2552 orn.
1057 2503 1066 2548 t
1084 2496 1121 2563 3Ἰ
1136 2503 1166 2547 ut
1185 2499 1272 2563 possis

128 2570 152 2618 L
169 2569 218 2618 333
233 2571 263 2616 ut
280 2583 327 2618 om.
348 2572 364 2616 3
384 2572 419 2618 36
438 2571 472 2618 38
498 2566 502 2632 Ι
529 2571 632 2632 ‘tagus
650 2573 681 2616 ut
699 2572 725 2616 te
744 2571 856 2617 utantur
875 2567 992 2617 absurde
1011 2569 1035 2616 L
1059 2567 1063 2629 Ι
1090 2567 1272 2632 inpetitione

128 2637 337 2702 usqueadeone
357 2636 470 2685 nidecre
490 2653 535 2687 ani.
559 2637 582 2684 V
609 2633 613 2697 Ι
640 2635 775 2684 8331Ιί33
794 2639 850 2685 338
877 2633 880 2698 Ι
907 2637 1032 2684 tantem
1052 2651 1098 2687 333,
1118 2631 1269 2697 338117Ι

26 2730 32 2735 -
128 2705 183 2754 nisi
200 2704 224 2753 si
242 2706 251 2753 t
269 2706 302 2752 47
320 2707 353 2752 53
372 2707 421 2752 122
440 2707 491 2752 124
510 2707 560 2752 123
575 2703 578 2762 Ι
596 2706 627 2753 10
646 2703 686 2752 sic
705 2703 862 2752 adiunctum
882 2705 891 2751 t
909 2706 926 2752 3
946 2701 950 2768 Ι
971 2705 1002 2752 12
1021 2707 1051 2752 ut
1069 2710 1207 2752 extremum
1224 2719 1270 2756 33,
1341 2713 1343 2717 ’

130 2774 152 2822 L
169 2778 277 2836 praeter
295 2774 330 2820 33
348 2774 382 2821 38
401 2775 448 2821 117
475 2771 479 2836 Ι
506 2771 692 2836 intelligenti
711 2774 727 2820 3
747 2774 781 2821 33
799 2773 901 2820 47127

176 2981 191 3023 7
208 2979 283 3040 agas]
303 2981 334 3028 ut
353 2981 379 3028 te
397 2981 510 3028 utantur
527 2974 644 3029 additur
656 2975 686 3028 iu
710 2991 765 3041 pro
778 2974 888 3029 duobus
901 2975 1001 3028 incisis
1014 2976 1090 3028 iuter
1106 2973 1271 3039 saporibus

129 3041 210 3097 tibris
239 3043 431 3097 deterioribus
461 3059 602 3108 perquam
638 3042 686 3096 ab·
714 3041 1272 3109 Hammeliusetiloffahabueruntpuo-

130 3109 695 3172 surde,nanicontrariairaecresapi
714 3128 778 3165 rum
806 3110 852 3164 nic
881 3111 920 3164 ari
947 3111 1091 3165 aestimare
1115 3111 1272 3177 adscripsit

129 3184 178 3232 tar
195 3184 226 3233 ut
241 3177 362 3232 Marcus
380 3177 492 3232 illorum
510 3193 598 3243 opera
625 3184 685 3232 uta·
714 3180 877 3232 ‘amicitiani
890 3177 1023 3234 iliorum’.
1041 3180 1093 3233 sed
1101 3185 1205 3245 quanto
1215 3193 1272 3233 me-

130 3252 186 3301 tur.
221 3246 322 3301 deiude
345 3252 438 3300 autern
464 3247 494 3299 ia
519 3246 565 3300 nis
586 3245 638 3299 nisi
660 3245 687 3299 iri
713 3246 769 3300 tius
783 3247 910 3300 rationes
923 3243 1019 3300 Marci
1035 3252 1062 3301 et
1079 3249 1141 3301 eius
1154 3263 1273 3312 quocum

131 3328 195 3379 agas
212 3329 369 3379 pronomen
385 3330 438 3378 pua
456 3319 587 3379 spectare
603 3319 686 3380 puta·
714 3315 1271 3380 apeturetutriusquecommunisaspn·

130 3382 220 3436 bimus
237 3381 350 3436 sublata
371 3383 428 3435 ista
452 3381 687 3447 interpolatione?
714 3383 794 3436 33333
810 3386 1019 3448 componuntur
1036 3388 1063 3436 33
1080 3382 1172 3448 magni
1190 3382 1272 3436 aesti-

134 3449 314 3515 Tpdcmunus
324 3450 411 3514 ipitur
421 3450 451 3502 in
460 3449 574 3503 schedis
584 3449 611 3503 iri
621 3465 687 3514 puo·
715 3466 796 3511 maro,
809 3448 879 3503 bene
892 3466 921 3503 se
935 3465 1046 3516 ponere.
1061 3448 1122 3503 iore
1135 3466 1167 3503 er
1179 3466 1213 3504 eo
1227 3449 1272 3502 fir-

131 3532 183 3582 333
195 3516 287 3572 deleri
298 3518 391 3570 iussit.
415 3521 445 3570 at
457 3516 688 3579 minitacipsam
715 3533 784 3570 mam
802 3517 959 3578 amicitiam,
978 3522 1056 3571 trinio
1072 3517 1188 3584 foedius
1201 3516 1274 3572 ittae

129 3599 285 3649 pronomen
303 3586 333 3638 in
346 3599 452 3639 caussa
467 3585 582 3638 uidetur
592 3583 688 3651 fuisse
715 3589 757 3638 est
781 3584 902 3638 duarum
926 3589 1094 3639 commatum
1118 3585 1157 3638 ud
1176 3583 1273 3639 Marci

131 3669 185 3706 eur
208 3654 304 3720 priori
323 3654 472 3706 enuntiato
493 3652 577 3706 33333
599 3651 687 3706 uerba
715 3653 854 3706 rationem
876 3653 1079 3717 pertinentium
1103 3654 1270 3718 asyndeton.

131 3721 269 3783 quaedam
287 3722 395 3786 opinati
411 3735 548 3774 summam
567 3721 687 3773 actionis
715 3725 797 3784 atque
820 3721 897 3773 inter
921 3719 1081 3775 aestimandi
1104 3725 1132 3775 et
1151 3720 1272 3788 ponendi

132 3792 191 3838 tam
206 3787 297 3852 futtili
314 3793 480 3853 arpurnento
497 3787 688 3843 declararent.
715 3787 804 3842 uerba
821 3787 926 3842 obiecto
942 3791 1074 3842 carentia
1090 3789 1187 3843 eodem
1199 3789 1274 3855 quod

133 3854 227 3918 itaque
249 3871 405 3920 pronomen
433 3856 544 3976 puidam
568 3857 690 3911 seruaui
715 3870 754 3909 ex
766 3857 875 3910 uicinia
888 3857 1000 3910 arcessi
1008 3860 1129 3921 oportet,
1143 3856 1215 3911 male
1228 3859 1271 3910 in-

133 3921 381 3985 sedagasmutaui
394 3925 424 3976 iu
448 3923 528 3979 acias.
558 3924 689 3979 similiter
716 3925 888 3978 coniciuntur
916 3923 988 3977 iaec
1013 3939 1044 3977 ex
1075 3923 1165 3979 animo
1190 3939 1272 3990 agere

134 3990 164 4041 in
174 3985 195 4055 §
207 3992 241 4038 45
257 3988 332 4054 qnod
350 3997 461 4043 acturus
480 3991 517 4044 sis
536 4009 553 4045 a
570 3991 688 4045 Baitero
715 4006 803 4046 sensu
815 3991 963 4057 uerbisque
973 3991 1087 4054 expleta
1097 3998 1124 4046 et
1130 3992 1272 4059 perfecta.

133 4060 292 4110 correctum
305 4062 348 4109 est
359 4055 480 4110 iacturas
491 4060 556 4112 etin
566 4059 689 4124 epistula
715 4058 760 4113 nis
773 4058 993 4126 difficultatibus
1008 4057 1134 4114 Oreliius
1152 4062 1193 4114 ita
1206 4059 1272 4114 sub·

133 4123 229 4178 Marci
245 4123 284 4177 33
301 4121 434 4187 Quintum
451 4123 487 4177 ΙΙ
498 4129 545 4189 15,
560 4130 576 4176 3
594 4142 689 4193 qnam·
717 4128 795 4181 uenit
806 4132 836 4181 ut
847 4127 1272 4195 agereinfinitiuurnsubiunpe·

133 4208 215 4258 33333
228 4207 242 4245 3
256 4198 283 4245 33
296 4199 382 4243 actam
396 4188 522 4246 introitum
536 4192 617 4247 uideo
630 4210 690 4248 esse
717 4200 761 4249 ret
774 4210 950 4260 praepresso
967 4195 1111 4250 aestimare
1135 4194 1175 4248 33
1196 4193 1272 4248 hanc

132 4259 233 4313 festiue
261 4258 467 4312 emendandum
500 4274 563 4314 esse
593 4259 690 4315 iactam
717 4264 885 4317 sententiam
909 4262 1013 4318 Marcus
1038 4261 1129 4328 magni
1148 4261 1272 4316 aestimat

133 4327 205 4381 dicei.
718 4347 749 4384 ex
773 4329 863 4385 animo
888 4345 978 4396 agere.
1015 4332 1046 4384 in
1069 4329 1169 4394 auibus
1190 4343 1272 4394 agere

168 4399 202 4446 13
213 4394 303 4463 magni
311 4393 461 4456 aestimare,
473 4394 689 4463 exanimoagcrc
717 4399 779 4452 sine
797 4399 963 4454 accusation
979 4395 1173 4466 prenominati
1195 4402 1272 4454 recte
