2970 5010
192 351 213 416 2

194 530 351 602 burpensis
373 531 624 590 inlustraverant:
646 544 799 589 accessere
813 529 1054 588 commentariolo
1076 527 1174 590 ‘aliae
1187 531 1335 604 quaedam

196 629 299 700 Quinti
330 633 508 707 scriptorum
542 633 707 706 reliquiae’
739 633 770 690 in
803 629 962 690 Sabuarzi
993 635 1164 708 exemplari
1189 633 1267 693 edito
1298 635 1336 693 ab

81 756 98 812 χ
193 733 368 793 Hummelio.

752 867 772 939 Ι

275 1039 427 1114 Scriptum
454 1055 516 1098 esse
544 1039 581 1097 de
606 1041 745 1113 petitione
772 1000 900 1098 libellum
929 1040 959 1098 in
976 1042 1133 1114 epistulae
1153 1043 1273 1101 modum
1294 1045 1338 1101 ad

192 1141 234 1200 M.
254 1142 390 1214 fratrem
411 1141 606 1200 candidatum
628 1143 797 1199 consulatus
818 1139 1007 1211 manifestum
1030 1149 1080 1199 est.
1113 1144 1197 1202 nullo
1212 1146 1272 1203 nisi
1284 1161 1334 1203 oc·

189 1235 378 1303 ¹commodata
401 1244 444 1301 ad
464 1245 610 1316 epistulae
630 1244 759 1317 speciem
781 1244 938 1317 inscriptio
957 1245 988 1301 in
1010 1245 1213 1318 antiquissimo
1234 1247 1336 1304 codice
1360 1271 1362 1273 >
1472 1237 1473 1240 '

189 1348 358 1420 reperitur:
395 1347 456 1404 alio
479 1347 531 1418 qui
542 1351 704 1420 praeterea
724 1346 807 1403 titulo
828 1345 873 1402 uti
892 1347 996 1415 uolent,
1019 1348 1048 1403 ei
1067 1347 1209 1419 monendi
1220 1355 1289 1406 sunt
1305 1357 1336 1406 ut
1371 1403 1379 1408 ,.

190 1461 248 1503 non
271 1445 307 1504 do
329 1447 472 1533 politione
496 1444 666 1506 consulatus
688 1445 853 1511 inscribant
875 1446 1123 1518 quemadmodum
1150 1424 1264 1508 adsolet
1284 1449 1338 1507 sed

191 1547 467 1606 commentariolum
492 1547 652 1626 petitionis
675 1549 703 1605 si
723 1547 840 1620 quidem
856 1549 997 1606 extremis
1011 1547 1107 1607 uerbis
1122 1549 1247 1620 Quintus
1261 1552 1335 1610 aelle

189 1667 220 1708 se
241 1650 321 1708 bunc
336 1651 464 1709 libellum
488 1651 635 1709 destinari
655 1649 782 1708 ostendit
803 1650 892 1707 etiam
915 1651 1045 1708 aliorum
1059 1653 1128 1710 usui
1145 1652 1198 1725 qui
1210 1652 1335 1710 bonores
1440 1709 1447 1716 ,

111 1734 117 1747 “
186 1757 293 1824 petant
315 1753 401 1810 allos.
446 1751 483 1808 de
505 1757 639 1824 tempore
659 1751 755 1808 libelli
774 1750 848 1808 mibi
868 1765 926 1808 non
941 1753 1078 1810 conuenit
1097 1769 1164 1810 cum
1180 1754 1335 1828 plerisque

189 1855 242 1925 qui
261 1854 405 1927 scriplum
428 1868 493 1912 eum
523 1869 586 1912 esse
613 1853 778 1926 opinantur
805 1853 900 1909 altero
928 1861 998 1911 ante
1022 1852 1123 1911 Marci
1147 1857 1334 1914 consulatum

123 1965 127 1979 ·
189 1969 284 2023 anno,
319 1954 410 2012 ‘cum
424 1962 539 2029 tempus
560 1956 687 2013 instaret
706 1969 763 2026 quo
786 1954 831 2012 M.
851 1961 955 2027 petere
970 1957 1096 2028 posset’.
1138 1952 1216 2024 fecit
1237 1960 1334 2013 autern

191 2057 316 2114 Marcus
334 2056 508 2130 prensandi
527 2057 641 2114 initium
657 2057 687 2112 in
703 2070 816 2130 campo,
840 2062 872 2113 ut
890 2057 953 2129 ipsc
967 2056 1063 2113 Attico
1077 2057 1215 2113 narrauit
1232 2054 1252 2112 I
1266 2061 1332 2127 t,·t,

178 2173 287 2216 mense
313 2159 434 2230 quintili
458 2159 534 2216 nuni
559 2143 733 2215 ocem
738 2157 845 2218 VIIII.
889 2173 989 2215 oerum
1013 2172 1070 2214 non
1098 2172 1164 2215 cum
1192 2159 1336 2232 incr‘peret

76 2249 80 2259 ¹
186 2257 290 2329 frater
309 2266 410 2333 petere
431 2259 485 2318 sed
499 2275 601 2334 poene
622 2261 652 2317 in
674 2259 774 2318 media
796 2260 859 2317 eius
878 2261 1016 2332 petitione
1039 2257 1172 2328 Quintus
1182 2275 1238 2316 sua
1259 2259 1335 2316 baec

184 2368 351 2435 praccepta
378 2363 548 2436 composuit.
585 2376 695 2436 parum
722 2363 800 2419 valet
825 2360 906 2434 quod
930 2362 961 2419 in
990 2357 1014 2440 ἕ
1042 2367 1081 2418 ti
1108 2361 1146 2418 de
1172 2377 1334 2438 paucorum

189 2481 324 2522 mensum
348 2464 468 2540 negotio
490 2465 628 2537 loquitur,
647 2466 718 2536 plus
739 2466 817 2521 nolet
837 2461 978 2535 quod'eu
999 2477 1053 2519 sen
1074 2463 1134 2520 illis
1155 2477 1227 2537 quos
1249 2463 1334 2520 Mar-

189 2581 242 2623 cus
264 2565 411 2623 bnbuerat
431 2564 666 2640 competitoribus
680 2571 820 2638 quattuor
841 2566 959 2622 omnino
984 2565 1196 2639 neqlequntur‚
1219 2563 1278 2621 duo
1299 2581 1336 2622 ne

96 2697 104 2712 x
189 2669 334 2753 nominati
355 2667 475 2740 quidem
498 2684 535 2741 a„
542 2665 655 2739 Quinto,
678 2666 712 2724 P.
737 2666 833 2724 Galba
854 2675 883 2724 et
896 2666 930 2726 L.
948 2666 1067 2724 Cassius
1088 2669 1177 2739 quasi
1193 2667 1337 2739 populari

186 2767 278 2840 ferma
306 2770 367 2827 iam
392 2765 592 2847 proflipati§
616 2775 642 2826 7.
679 2784 738 2827 non
767 2757 947 2828 uidebantur
973 2783 1039 2825 cum
1064 2765 1187 2836 Quintus
1215 2769 1336 2840 scripsit

164 2912 173 2921 -
191 2873 341 2930 aemulari
361 2871 468 2930 Murco
490 2872 549 2928 nisi
566 2870 696 2928 Catilina
715 2877 746 2927 et
765 2871 918 2941 Antonius,
941 2881 1066 2941 quorum
1088 2869 1214 2926 alterum
1236 2875 1334 2925 utrum

190 2983 324 3031 creatum
347 2975 388 3031 iri
407 2988 474 3030 cum
496 2973 605 3030 Marco
631 2974 779 3029 consulem
802 2976 893 3045 putat
912 2967 937 3050 5
959 2975 1008 3040 12,
1033 2971 1191 3027 Antonium
1209 2967 1336 3040 facilius

72 3084 83 3102 ‘
189 3090 282 3150 quom
306 3073 464 3132 Catilinam
486 3089 505 3130 o
525 3071 629 3145 fratrc
650 3075 731 3132 uinci
747 3087 835 3146 posse
855 3073 1004 3145 siqnisicat
1024 3067 1048 3150 ἕ
1071 3076 1117 3130 28.
1147 3072 1267 3144 scripsit
1280 3073 1335 3143 ipi-

190 3183 239 3234 tur
264 3175 387 3246 Quintus
409 3177 522 3248 aliquot
543 3175 688 3233 mensibus
704 3181 774 3249 post
794 3176 945 3248 quintilem
964 3175 1039 3231 anni
1059 3171 1339 3232 CCLXXXVIIII

155 3312 157 3314 ψ
190 3293 247 3350 quo
268 3294 305 3334 ne
327 3262 382 3334 boc
403 3276 537 3350 quidem,
554 3278 757 3350 competitores
772 3275 875 3335 Marci
894 3277 1015 3349 quinam
1035 3275 1145 3349 forent,
1167 3283 1248 3334 certo
1261 3291 1336 3334 con-

190 3379 304 3455 stabat,
328 3385 397 3438 ante
419 3380 532 3437 iunium
555 3381 629 3437 anni
651 3377 856 3438 DCLXXXX
881 3395 939 3454 quo
964 3393 1056 3437 nonus
1080 3376 1225 3436 Catilinae
1244 3377 1336 3449 furor·

186 3485 293 3556 plures
315 3483 442 3540 Antonio
467 3479 689 3554 suffraqatores
714 3498 832 3556 parare
859 3489 1008 3555 coeperat.
1053 3481 1170 3539 accedit
1194 3476 1278 3556 eu§
1303 3486 1337 3534 to

190 3585 271 3655 qnod
292 3583 421 3642 Catilina
443 3601 483 3641 eu·
505 3585 616 3642 iudicio
636 3580 872 3658 repetundarum
895 3590 954 3641 lum
977 3583 1155 3640 discesserat
1175 3581 1332 3650 absolutas,

191 3686 272 3758 quod
292 3686 435 3744 iudicium
457 3701 637 3760 quamquam
659 3689 773 3744 instare
796 3685 897 3744 Cicero
919 3683 1109 3742 adAlticnm
1131 3682 1152 3740 I
1173 3688 1197 3750 t,
1224 3689 1238 3737 l
1258 3695 1335 3754 pro-

191 3787 267 3844 didit
288 3803 385 3845 mensc
413 3790 531 3860 quintili
556 3790 631 3846 anni
650 3772 831 3846 'ocem
838 3784 947 3855 VIIII,
969 3789 1128 3858 peractum
1157 3790 1336 3841 tamennon

191 3895 258 3946 erat
277 3905 311 3946 co
339 3895 467 3961 tempore
495 3904 553 3964 quo
575 3890 618 3948 ad
638 3889 767 3948 Atticum
788 3889 903 3946 litteras
924 3887 1001 3944 misit
1022 3884 1042 3943 I
1065 3891 1090 3944 2.
1131 3885 1189 3943 bae
1216 3885 1337 3958 quando
1382 3868 1386 3875 ¹

191 3992 299 4049 missae
325 3991 397 4062 sint,
420 4004 478 4047 non
505 4007 545 4048 eac
561 3992 672 4066 primis
693 3990 789 4048 verbis
810 3987 942 4060 efficitur
963 4002 1162 4062 nonarumque
1183 3989 1335 4048 consulum

192 4093 414 4164 desiqnatorum
437 4093 610 4165 nominibus,
633 4093 772 4166 quoniam
795 4093 911 4150 comitia
926 4091 1100 4151 consulario
1114 4092 1177 4150 eius
1192 4090 1336 4161 omniqua

192 4197 241 4255 dic
249 4197 308 4252 sint
317 4193 418 4251 babila
430 4180 612 4268 iquoromus
625 4195 680 4253 scd
686 4211 727 4253 eu
733 4197 890 4269 postremis
901 4195 948 4255 bis
961 4202 1011 4254 luo
1024 4193 1150 4254 adventu
1162 4176 1248 4252 nobis
1260 4207 1336 4268 opus

194 4306 238 4358 ost
253 4303 372 4356 inituro.
384 4303 413 4354 et
429 4315 522 4374 quare
539 4297 674 4357 ianuario
690 4313 792 4356 mense
808 4305 840 4356 ut
854 4297 1032 4357 eonstituisti
1044 4313 1114 4355 cura
1127 4301 1159 4353 ut
1172 4291 1284 4352 Romae
1296 4291 1336 4349 sis

145 4406 152 4413 “
192 4416 290 4461 mense
311 4399 462 4460 novembri
484 4402 582 4475 potins
603 4415 692 4476 quam
713 4399 871 4477 septembri
889 4401 1019 4480 seruatas
1039 4414 1102 4457 esse
1127 4397 1334 4456 coniectamus.
