2970 5010
212 351 254 414 52
465 344 469 350 ’
621 370 743 430 ovatum
766 369 950 419 cronnoms

213 524 276 584 sisti
301 543 367 584 cum
391 532 493 585 contra
518 544 569 586 eos
591 543 646 603 pro
668 529 763 587 amico
787 528 916 596 diceres,
940 530 966 587 is
987 533 1015 585 te
1037 525 1122 604 plane
1145 535 1279 604 purgato,
1303 547 1354 588 ne·

213 635 408 696 cessitudines
431 644 672 706 commemorato,
695 638 726 696 in
750 656 832 716 spem
857 637 994 698 adducito
1022 645 1052 697 te
1073 638 1105 696 in
1128 655 1231 697 eorum
1254 636 1354 706 rebus,

214 747 239 804 si
261 765 293 805 se
315 747 344 806 in
369 747 526 807 amicitiam
550 753 633 808 tuam
656 747 843 816 contulerint,
868 749 932 826 pari
955 746 1053 808 studio
1075 756 1163 824 atque
1186 748 1283 807 allicio
1312 747 1356 808 lu-

213 864 323 916 turum.
369 858 420 936 qui
443 858 508 917 sine
531 875 616 918 causa
640 875 699 917 non
723 866 831 926 amant,
855 876 906 918 eos
929 864 979 918 aut
994 857 1137 918 beneficio
1160 865 1210 917 aut
1231 876 1284 936 spe
1306 864 1357 917 aut

213 966 406 1043 significando
435 975 486 1026 tno
515 985 585 1045 erga
614 967 681 1028 illos
708 966 807 1028 studio
830 967 898 1027 dato
921 986 1040 1046 operam
1071 976 1104 1027 ut
1131 967 1167 1028 de
1195 966 1243 1027 illa
1266 969 1382 1027 animia

212 1078 355 1155 pravitate
379 1076 517 1137 deducas.
563 1094 690 1155 quorum
719 1077 852 1138 voluntas
881 1079 936 1138 erit
964 1077 1046 1138 abste
1069 1085 1191 1156 propter
1214 1080 1356 1156 competi·

213 1194 311 1246 torum
335 1188 478 1247 amicitias
501 1186 642 1258 alienior,
671 1188 697 1247 is
726 1206 844 1267 quoquc
873 1187 974 1247 eadem
998 1189 1139 1248 inservito
1161 1189 1276 1249 ratione
1299 1204 1356 1264 qua

212 1296 431 1376 superioribus,
456 1299 531 1357 etsi
553 1297 681 1377 probare
704 1299 830 1376 poteris,
860 1303 889 1357 te
917 1299 948 1356 in
971 1315 1023 1358 eos
1044 1298 1125 1376 ipsos
1148 1299 1357 1376 competitores

212 1412 280 1466 tuos
302 1405 438 1468 benivolo
461 1424 526 1467 esse
548 1409 647 1467 animo
670 1407 826 1467 ostendito.

111 1519 193 1568 X14¹
299 1517 443 1588 Quoniam
467 1517 504 1576 de
527 1519 664 1578 amicitiis
693 1516 909 1577 constituendis
932 1519 1002 1577 satis
1025 1517 1135 1578 dictum
1160 1525 1219 1585 est,
1253 1515 1355 1576 dicen·
1370 1533 1395 1570 10

214 1625 284 1688 dum
312 1612 357 1687 est
387 1626 423 1686 de
451 1626 500 1687 illa
529 1627 620 1688 altera
648 1635 733 1706 parte
755 1629 904 1706 petitionis
933 1645 1008 1706 quae
1030 1628 1060 1687 in
1084 1625 1219 1706 populari
1240 1627 1356 1687 ratione

214 1744 356 1798 versatur.
401 1756 435 1798 ea
458 1737 607 1798 desiderat
628 1737 911 1807 nomenclationem,
935 1737 1119 1806 blanditiam,
1143 1736 1356 1805 assiduitatem,

161 1842 194 1907 4‘2
212 1846 435 1925 benignitatem,
459 1865 626 1916 rumorem,
650 1865 733 1926 spem
756 1849 787 1908 in
810 1847 972 1928 republica.
1016 1847 1147 1908 Primum
1171 1846 1250 1924 quod
1274 1846 1355 1916 lacis,

213 1965 244 2017 ut
266 1959 403 2018 homines
427 1959 523 2033 noris,
547 1958 695 2035 significa,
720 1966 752 2018 ut
775 1967 924 2039 appareat,
949 1965 1085 2036 clange,
1108 1965 1141 2018 ut
1163 1957 1272 2017 cotidie
1294 1976 1357 2017 me·

212 2066 268 2127 lius
296 2068 353 2128 fiat.
406 2067 477 2127 nibil
510 2066 582 2128 mibi
611 2076 668 2127 tam
697 2069 840 2148 populare
874 2087 970 2148 neque
999 2075 1057 2128 tam
1085 2073 1200 2146 gratum
1231 2065 1355 2127 videtur.
1371 2081 1396 2120 15

214 2177 325 2237 Deinde
347 2177 375 2237 id
399 2177 477 2255 quod
501 2185 606 2238 natura
629 2196 688 2238 non
712 2177 814 2247 babes,
836 2178 927 2239 induc
948 2180 979 2238 in
1002 2180 1133 2240 animum
1155 2179 1194 2237 ita
1214 2175 1356 2237 simulan-

214 2287 284 2347 dum
308 2305 382 2355 esse,
407 2295 440 2347 ut
462 2294 568 2348 natura
592 2288 690 2348 lacere
713 2287 841 2348 videare.
880 2306 1057 2368 quamquam
1074 2287 1234 2367 plurimum
1251 2295 1356 2347 natura

213 2397 303 2467 valet,
333 2405 430 2457 tamen
459 2397 573 2457 videtur
601 2399 632 2457 in
659 2416 823 2476 paucorum
852 2416 989 2460 mensum
1012 2399 1131 2476 negotio
1154 2416 1242 2476 posse
1264 2400 1357 2457 simu-

283 2600 422 2650 ldiceres
439 2599 475 2649 iis
493 2604 521 2649 te
540 2601 621 2649 Itali:
640 2600 730 2650 dicere
758 2598 761 2664 Ι
789 2602 916 2665 purgatio
936 2599 940 2665 Ι
961 2605 976 2652 3
996 2601 1152 2650 amiciciam
1168 2599 1172 2665 Ι
1188 2605 1263 2650 tuam
1284 2601 1312 2652 0.
1325 2602 1355 2654 F.

215 2667 245 2718 G.
259 2668 369 2718 Mueller
386 2670 487 2717 addidit
512 2667 517 2733 Ι
544 2668 720 2718 'lamicicias
741 2666 744 2732 Ι
765 2669 815 2717 His
836 2667 840 2733 Ι
868 2670 1000 2720 inseruito
1019 2670 1127 2719 ratione
1149 2669 1297 2718 Turnebus:
1316 2669 1356 2717 in-

214 2737 288 2786 serui
306 2737 429 2786 oratione
448 2733 451 2799 Ι
476 2739 507 2786 10
526 2736 660 2786 amiciciis
681 2733 685 2800 Ι
707 2738 736 2784 11
756 2737 903 2800 peticionis
919 2735 923 2800 Ι
944 2739 975 2785 12
994 2752 1093 2786 nomen
1111 2736 1260 2785 elationem
1279 2736 1357 2785 blan·
1427 2788 1430 2797 ,

213 2802 382 2868 dietamtta
400 2802 685 2868 rumorumlinre.p.l
709 2806 738 2853 14
757 2805 872 2854 cottidie
892 2803 896 2868 Ι
916 2805 1015 2855 melius
1033 2805 1075 2854 L:
1095 2805 1153 2854 eius
1180 2802 1184 2868 Ι
1214 2807 1243 2854 17
1262 2819 1357 2868 quam-

214 2886 296 2934 quam
314 2879 340 2922 et
358 2888 422 2938 qaae
439 2880 559 2922 secantur
576 2874 612 2922 ad
628 2872 740 2922 uincere
759 2888 773 2921 e
790 2867 811 2938 §
829 2877 843 2921 1
862 2873 992 2922 Puteanus
1009 2873 1056 2923 bac
1072 2873 1204 2922 reuocauit
1228 2869 1232 2936 Ι
1258 2873 1290 2921 1'8
1308 2887 1356 2921 ne·

214 2955 293 2998 goeio

283 3127 296 3174 1
314 3124 358 3174 his
376 3130 404 3175 te
422 3129 540 3190 purgato
557 3123 641 3190 plana
660 3125 881 3176 necessitudines
899 3128 931 3186 L,
959 3128 994 3177 iis
1011 3129 1020 3175 1
1038 3130 1071 3177 18
1089 3129 1122 3176 dd
1140 3129 1189 3176 117
1212 3123 1217 3191 Ι
1241 3129 1256 3177 3
1275 3142 1357 3191 spon·

215 3193 278 3242 deto
296 3200 356 3257 post
374 3193 493 3242 flaturum
512 3194 573 3243 add.
592 3195 616 3243 L
642 3191 646 3257 Ι
673 3195 755 3244 btua
774 3209 840 3258 erga
863 3193 925 3246 illos
944 3194 1035 3244 studia
1053 3195 1145 3244 futura
1163 3193 1279 3244 delinies
1297 3195 1357 3257 (de-

214 3262 294 3310 linito
312 3264 322 3311 t
338 3261 382 3325 50)
402 3261 471 3310 dans
488 3277 601 3326 operam
614 3263 637 3310 L
653 3259 656 3324 Ι
672 3264 687 3311 7
706 3262 824 3312 alienior
841 3262 891 3312 hos
909 3263 963 3311 hiis
977 3277 1085 3326 quoque
1104 3266 1159 3312 138
1174 3262 1178 3326 Ι
1195 3262 1290 3312 eadem
1309 3279 1356 3317 om.

214 3331 238 3378 L
254 3336 362 3392 praeter
380 3332 415 3379 38
433 3332 466 3379 ta
484 3331 516 3378 49
535 3331 586 3378 124
601 3327 605 3393 Ι
622 3330 724 3378 inserui
742 3331 765 3379 L
781 3338 889 3394 praeter
906 3328 958 3395 501
979 3333 1103 3380 oratione
1122 3331 1146 3379 L
1165 3331 1289 3380 oratione
1309 3347 1356 3380 ea·

214 3398 276 3449 dem
294 3400 352 3446 150
376 3393 380 3462 Ι
404 3399 594 3462 8superi0res
612 3413 698 3458 marpo
716 3401 725 3447 l
744 3401 779 3447 38
801 3396 805 3462 Ι
831 3413 877 3448 eos
896 3415 942 3450 om.
961 3398 985 3446 L
1008 3397 1012 3458 Ι
1037 3398 1199 3447 9beniuolo
1216 3415 1265 3462 per
1283 3399 1293 3446 i
1310 3403 1320 3448 t
1339 3403 1356 3449 3

216 3467 250 3514 38
269 3469 318 3515 117
333 3463 337 3528 Ι
354 3468 384 3514 11
403 3465 549 3514 dicendum
568 3465 601 3514 de
620 3467 629 3512 l
646 3468 679 3514 50
698 3463 766 3528 126}
788 3468 818 3514 12
836 3481 935 3516 nomen
954 3465 1102 3516 elationem
1121 3473 1165 3514 ant
1182 3481 1280 3515 nomen
1299 3465 1356 3516 ele·

213 3534 346 3583 tationem
365 3536 375 3581 t
393 3535 409 3582 3
429 3536 463 3583 33
482 3536 516 3583 38
533 3535 567 3581 47
587 3535 635 3582 117
653 3532 721 3598 1271
746 3535 777 3583 13
795 3549 931 3584 rumorum
948 3536 958 3584 t
976 3537 1010 3584 38
1027 3549 1095 3584 corr.
1114 3542 1139 3583 et
1161 3535 1187 3582 V
1207 3531 1212 3599 Ι
1234 3535 1357 3598 speciem

214 3605 274 3650 158
300 3600 304 3666 Ι
330 3601 446 3666 primum
463 3600 491 3650 id
509 3600 622 3666 quodL
649 3597 653 3664 Ι
681 3604 712 3651 14
731 3601 832 3651 cotidie
850 3618 898 3667 per
917 3618 932 3652 c
950 3618 1013 3652 unua
1031 3605 1074 3652 ta
1098 3599 1102 3666 Ι
1130 3602 1161 3650 18
1179 3602 1356 3652 mensiumL

215 3787 331 3840 tiatiana
355 3786 497 3841 toleratur
514 3801 580 3840 suos
604 3799 772 3853 magnopere
845 3791 877 3836 14
898 3785 996 3840 melius
1015 3788 1042 3841 si
1065 3800 1135 3841 aare
1153 3785 1223 3840 Itali
1237 3788 1356 3841 incaene-

215 3853 385 3909 necessarios
398 3851 419 3921 ἕ
430 3859 472 3918 5⁶,
485 3855 515 3906 in
527 3852 618 3907 libero
631 3859 724 3907 tamen
737 3869 772 3907 ac
798 3861 876 3916 rant,
891 3855 1019 3908 abscissa
1029 3857 1125 3920 primo
1143 3854 1238 3908 littero
1251 3854 1357 3909 obiisse

216 3921 310 3976 soluta
327 3921 502 3976 stomachum
519 3926 611 3975 mouet
627 3921 699 3975 baec
719 3922 771 3975 da·
798 3923 828 3975 in
842 3922 909 3975 eiius
923 3937 1066 3976 sumemus
1078 3925 1121 3976 sic
1134 3927 1164 3976 ut
1178 3928 1296 3976 uersu7
1313 3924 1357 3975 in·

217 3991 294 4044 ritio.
317 3988 423 4110 scitne
452 3989 665 4056 competitorum
689 3987 771 4042 alicui
798 3996 843 4043 ter
854 3989 957 4043 inserui
969 3990 1093 4044 oratione
1106 3989 1301 4044 unalitterula
1314 3992 1357 4043 ia·

216 4073 315 4123 quanta
337 4053 772 4123 modumin§2oleaitoricarte
799 4064 926 4123 tercepta
948 4064 998 4112 eat.
1034 4074 1201 4124 quamquam
1225 4057 1357 4112 dubitare

216 4127 327 4191 quidem
339 4126 476 4179 adrasum
498 4123 592 4190 fuisse
610 4125 772 4178 acciramae
798 4125 864 4178 licat
880 4141 918 4179 on
935 4131 1082 4180 attenuata
1100 4127 1239 4180 ar'tiatoua
1256 4125 1358 4179 arcba·

216 4196 246 4247 tn
269 4193 324 4247 bac
347 4199 430 4259 parte
456 4191 560 4246 librum
588 4191 773 4257 archetypum
799 4194 859 4258 tppi
873 4194 1020 4259 scripturo
1039 4194 1078 4246 od
1094 4193 1355 4260 plusspectouerit‚

216 4261 338 4315 mutilati
350 4259 571 4314 inBerolinenst'
580 4273 684 4313 uersus
692 4276 720 4325 p.
729 4263 771 4322 51,
798 4267 830 4314 ut
843 4260 944 4315 cotidie
957 4261 1020 4328 plus
1033 4260 1079 4315 liat
1091 4261 1122 4314 id
1138 4267 1181 4315 est
1198 4267 1228 4314 ut
1245 4263 1275 4314 in
1293 4262 1357 4315 dias

218 4333 250 4378 12
262 4334 289 4382 et
302 4332 348 4392 52,
363 4332 377 4377 1
390 4332 417 4382 at
430 4331 447 4377 3
464 4328 652 4392 redintaarati
667 4327 702 4380 ab
715 4326 772 4380 Ita·
798 4328 925 4382 homines
936 4329 1036 4395 plores
1048 4343 1212 4395 aequoreas.

216 4396 253 4452 lis
265 4401 293 4451 et
303 4394 443 4450 Maallaro
456 4395 616 4451 ostendunt.
