2970 5010
159 345 201 410 58
516 358 521 366 ·
562 361 683 422 qurum
706 359 890 408 orannoms
959 378 961 382 ·

160 515 234 577 lent:
259 515 377 578 dicendi
400 516 477 586 laus,
501 515 597 577 studia
619 515 847 596 publicanorum
871 525 900 578 et
922 518 1069 597 equestris
1092 515 1217 586 ordinis,
1248 516 1300 576 ho·
1393 560 1396 569 ,

161 628 272 686 minum
295 625 437 687 nobilium
454 625 597 695 voluntas,
621 626 911 689 adolescentulorum
926 627 1102 706 frequentia,
1126 644 1229 687 eorum
1249 628 1302 706 qui

159 736 243 797 abste
265 736 379 797 defensi
402 743 469 797 sunt
491 736 657 807 assiduitas,
682 755 717 797 ex
739 738 907 816 municipiis
928 736 1086 798 mullitudo
1110 754 1302 814 eorumquae

159 853 208 906 tua
236 864 323 907 causa
353 848 469 908 venisse
496 854 653 926 appareat,
686 846 761 908 bene
783 854 811 908 16
832 853 865 907 61
886 846 1023 908 homines
1045 865 1148 916 nosse,
1177 847 1301 907 comiter

160 954 318 1035 appellare,
343 957 459 1018 assidue
482 952 667 1040 [diligenter]
692 964 804 1036 petere,
830 957 990 1036 benignum
1013 974 1047 1017 ac
1064 955 1217 1017 liberalem
1234 973 1327 1018 esses

158 1065 317 1142 loquantur
354 1074 399 1126 et.
421 1068 606 1137 existiment,
645 1067 749 1128 rlomus
786 1075 819 1129 ut
854 1065 945 1127 multa
983 1075 1069 1126 nocte
1106 1065 1300 1145 compleatur,
1356 1115 1359 1123 .

158 1168 290 1236 omnium
312 1194 455 1254 generum
478 1177 644 1254 frequentia
667 1178 747 1247 assit,
771 1179 841 1238 satis
863 1177 913 1238 liat
934 1178 1069 1237 oratione
1090 1175 1243 1246 omnibus,
1266 1194 1302 1236 re
1402 1188 1423 1194 ·’

158 1304 307 1365 operaque
330 1285 444 1355 multis,
473 1287 644 1366 pelliciatur
671 1287 699 1349 id
733 1287 811 1367 quod
838 1287 903 1347 lieri
929 1292 1027 1366 potest
1053 1284 1155 1346 labore
1184 1294 1212 1346 et
1238 1293 1301 1347 arte

75 1437 78 1445 -
158 1413 192 1455 ac
215 1394 374 1473 diligentia,
398 1414 457 1457 non
480 1403 513 1458 ut
534 1395 570 1457 ad
592 1397 736 1477 populum
760 1396 796 1458 ab
819 1386 864 1457 bis
879 1394 1017 1491 omnibus
1038 1396 1116 1460 lama
1138 1398 1299 1475 perveniat,

224 1583 241 1630 4
258 1585 287 1630 te
304 1583 410 1631 inseruit
427 1570 599 1647 Scduetziusl
620 1583 732 1633 comites
747 1578 752 1646 Ι
772 1584 788 1632 5
806 1582 957 1648 diligenter
973 1583 1065 1632 seclusi
1081 1579 1085 1646 Ι
1109 1581 1301 1634 &scribendum

158 1647 245 1698 multa
263 1648 296 1698 de
314 1653 397 1700 noete
417 1647 422 1714 Ι
442 1650 632 1716 compleantur
651 1649 656 1716 Ι
675 1651 691 1700 8
708 1648 869 1716 proficiatur
887 1647 945 1715 (pro
962 1665 1012 1715 per
1029 1649 1123 1714 notam)

226 1837 239 1884 1
263 1835 456 1900 hominumque
480 1839 493 1890 l¹
507 1837 541 1885 36
560 1838 595 1886 38
620 1831 626 1900 Ι
652 1837 668 1885 4
690 1835 762 1886 bene
784 1835 909 1886 homines
931 1838 986 1887 sinc
1007 1839 1039 1886 ut
1061 1835 1085 1885 L
1106 1842 1214 1900 praeter
1236 1839 1270 1886 56
1294 1836 1297 1899 Ι

158 1903 312 1953 comuniter
329 1906 338 1952 l
356 1906 391 1953 38
413 1905 417 1966 Ι
438 1904 453 1952 5
473 1903 582 1953 assidue
600 1919 634 1952 ac
653 1903 803 1968 diligenter
821 1905 844 1953 L
864 1903 868 1967 Ι
892 1904 1028 1968 benignus
1046 1919 1079 1952 ac
1096 1903 1222 1953 liberalis
1240 1907 1249 1952 l
1267 1907 1300 1953 56

159 1968 162 2034 Ι
187 1973 203 2020 6
226 1970 296 2020 6666
319 1969 395 2034 loqui
420 1971 578 2021 existimare
602 1968 655 2034 (uel
673 1973 805 2022 extimare
822 1973 864 2021 uel
882 1970 1021 2035 estimare)
1040 1970 1134 2021 domus
1152 1971 1177 2020 L
1192 1979 1301 2036 praeter

159 2041 193 2088 36
214 2040 258 2104 qui
278 2037 424 2103 loquantur
448 2043 476 2088 et
499 2039 658 2089 existiment
680 2041 782 2090 uidetur
803 2039 897 2089 babere
920 2047 947 2089 et
962 2043 996 2090 56
1018 2041 1044 2088 in
1067 2055 1115 2104 quo
1133 2039 1204 2089 bene
1223 2039 1301 2102 loqui

158 2106 315 2156 existimere
333 2113 473 2156 correctum
491 2113 538 2157 est.
574 2111 605 2155 ut
622 2106 770 2171 loquantur
793 2111 821 2156 et
839 2106 998 2157 existiment
1019 2107 1162 2172 Tpdemana
1179 2113 1300 2170 suspecta

156 2173 280 2237 66661Ιῖ
299 2172 368 2224 assit
384 2190 433 2239 per
451 2190 478 2224 ss
496 2178 505 2224 l
524 2177 541 2225 3
560 2178 595 2224 36
613 2177 648 2225 38
669 2172 704 2239 18
722 2174 879 2241 proficiatur
896 2175 1046 2224 Danielinus
1063 2179 1072 2225 l
1089 2177 1140 2224 122
1159 2177 1219 2235 124,
1237 2190 1299 2239 pro·
1357 2185 1367 2201 ⁶

156 2240 387 2374 lfibiatintjdw
407 2245 442 2292 36
461 2241 682 2293 3847117127
708 2240 712 2308 Ι
738 2245 754 2293 9
779 2245 1301 2307 6166666134756122126127

201 2309 286 2359 omini
305 2323 337 2358 us
359 2311 385 2360 V
400 2313 459 2362 156

204 2497 220 2544 4
239 2501 267 2548 16
277 2495 445 2560 pronomine
461 2495 491 2548 ul
504 2509 581 2548 nunc
592 2495 664 2550 6666
676 2494 715 2550 16-
742 2498 817 2550 strat
833 2492 942 2550 assidue
964 2501 1060 2561 petere
1075 2495 1195 2560 perinde
1217 2500 1249 2550 ut
1268 2497 1300 2551 in

155 2567 263 2628 puniar
281 2577 336 2616 non
354 2577 506 2627 possumus
519 2577 631 2627 carere,
646 2578 715 2630 pos·
741 2560 819 2631 643.
1167 2624 1170 2630 ,

156 2645 252 2685 semus
269 2631 296 2699 si
312 2631 456 2684 nominum
479 2629 539 2684 laco
561 2631 713 2685 substanti·
787 2636 803 2681 6
821 2629 979 2685 insolenter
990 2629 1062 2685 6666
1074 2630 1151 2685 dicta
1168 2636 1236 2685 sunt
1248 2630 1298 2686 do·

159 2713 261 2752 uarum
270 2699 442 2764 praemissis
453 2698 573 2766 infinitis
585 2696 655 2752 hene
665 2698 716 2753 ho·
741 2714 802 2752 mus
813 2705 844 2752 ut
853 2696 939 2753 multa
948 2704 1030 2756 nocte
1039 2696 1218 2766 compleatur.
1232 2715 1299 2753 nam

158 2765 245 2819 mines
259 2781 354 2827 nosse,
372 2765 488 2820 comiter
500 2764 652 2833 appellare,
669 2763 716 2820 be·
742 2765 917 2821 salutatores
926 2767 1020 2832 prima
1031 2781 1113 2820 manc
1123 2767 1244 2822 ueniunt
1253 2767 1301 2822 uel

159 2832 272 2898 nignum
289 2848 321 2886 ac
337 2831 477 2886 liberalem
496 2849 557 2887 esse
577 2833 649 2888 baec
666 2834 716 2888 ad·
742 2839 808 2888 6616
820 2832 1010 2889 1666666166
1021 2832 1299 2902 nacte,multanocte

153 2900 335 2966 plicarentur
353 2901 487 2966 deinceps
505 2909 536 2954 ut
555 2898 624 2956 bene
641 2900 675 2955 de
687 2908 716 2954 te
743 2901 1298 2968 rarusesladuentorrariorqueadmit-

157 2967 308 3036 loquantur
326 2974 353 3029 el
371 2967 539 3029 existiment,
565 2967 663 3022 domus
685 2975 716 3022 ut
742 2970 820 3023 titur.
849 2974 878 3023 61
893 2971 967 3023 enim
986 2967 1072 3039 multa
1094 2975 1175 3024 nocte
1192 2969 1299 3024 dicitur

157 3035 336 3103 compleatur.
358 3050 460 3090 uerum
471 3051 534 3089 cum
544 3036 656 3102 infinita
666 3035 715 3089 illa
742 3052 795 3103 666
808 3041 932 3103 tempore
944 3038 1001 3091 iam
1014 3036 1102 3104 multa
1114 3042 1157 3091 cst
1167 3052 1227 3092 666
1233 3043 1301 3104 post

157 3118 299 3168 suspensa
309 3103 367 3156 sint
377 3117 416 3157 66
425 3101 575 3170 loquantur
585 3112 613 3158 el
623 3103 714 3158 existi·
742 3119 894 3171 uesperum
906 3104 959 3159 sub
970 3105 1091 3159 mediam
1103 3109 1224 3168 noctem,
1241 3122 1299 3160 666

157 3177 233 3224 ment
243 3169 349 3234 uerbis,
359 3170 540 3236 quorumboc
549 3170 613 3225 ideo
621 3177 714 3238 poste·
742 3189 805 3228 666
818 3172 896 3227 abire
910 3188 970 3226 666
982 3173 1073 3238 coepit
1088 3174 1234 3228 matutinis
1248 3173 1299 3228 ba·

158 3240 221 3292 rius
239 3237 405 3292 collocatum
422 3243 466 3292 est
481 3238 556 3304 quod
567 3238 606 3293 ad
614 3239 715 3305 plures
742 3242 784 3294 ris
797 3247 862 3294 ante
875 3240 1039 3295 diluculum.
1064 3255 1189 3306 prorsus
1201 3241 1299 3296 ecdem

157 3305 285 3360 domines
290 3307 439 3371 pertinere
449 3306 607 3370 uideretur,
619 3305 716 3361 Marci
741 3308 821 3363 modo
846 3306 934 3362 multo
959 3307 1003 3362 die
1031 3307 1136 3362 dicitur
1159 3315 1187 3363 et
1208 3307 1297 3363 multo
1335 3318 1338 3324 '

158 3373 545 3440 666666616611116666661,
565 3380 592 3428 et
604 3375 714 3441 quidem
741 3391 819 3430 mane
835 3391 898 3430 cum
915 3375 977 3430 dies
1001 3381 1027 3430 61
1051 3391 1134 3430 mane
1156 3381 1299 3442 tamquam

157 3442 257 3497 melius
278 3458 362 3507 6666
383 3447 449 3496 6616
466 3440 616 3509 loquantur
633 3442 713 3496 addi·
741 3444 780 3498 ad
805 3445 997 3498 maturitatem
1026 3445 1157 3498 increuit.
1202 3446 1298 3510 itaqice

156 3517 205 3564 tur
214 3512 244 3564 in
252 3511 396 3576 principio
407 3510 574 3574 sententiae,
586 3515 617 3565 61
626 3509 714 3576 plena
740 3511 815 3577 quad
827 3513 944 3577 uesperi
952 3511 984 3579 fil
993 3511 1027 3565 id
1035 3517 1128 3577 polest
1144 3510 1230 3566 multa
1248 3528 1298 3566 no-

157 3579 218 3632 cius
235 3577 332 3644 forma
349 3579 444 3644 primo
462 3577 559 3631 obtutu
571 3592 712 3644 praesen-
740 3579 873 3646 ctefieri,
891 3580 966 3645 66661
977 3579 1122 3643 manescit
1138 3595 1195 3633 666
1204 3585 1299 3646 potest

158 3647 255 3699 tiatur.
297 3646 353 3699 iam
374 3659 429 3711 per
457 3645 568 3712 infinita
597 3647 713 3700 remini·
741 3647 799 3701 nisi
815 3645 848 3700 de
865 3645 949 3701 multa
967 3654 1056 3710 nocte.
1074 3645 1186 3701 ⁸Cicero
1205 3648 1297 3702 Attico

158 3713 258 3767 scendi
269 3728 376 3768 caussa
385 3713 489 3778 paucis
507 3719 714 3775 enumerantur
746 3713 871 3778 61166
889 3713 999 3769 uenisse
1008 3712 1124 3768 Hirtium
1143 3731 1157 3768 a
1174 3713 1297 3777 Caesare,

121 3798 124 3804 ’
158 3795 206 3835 res
230 3795 321 3845 supra
344 3781 506 3846 expositae,
528 3781 714 3836 nomenclatio
740 3781 772 3836 ad
792 3798 822 3836 se
840 3797 896 3836 non
913 3781 1075 3843 accessisse,
1096 3789 1123 3836 et
1139 3797 1200 3836 cum
1213 3781 1261 3837 ille
1274 3800 1297 3838 a.

157 3847 295 3902 blanditia
308 3849 466 3902 assiduitas
478 3848 646 3915 benipnitas.
672 3855 714 3902 61-
740 3849 765 3904 d.
779 3848 841 3903 Vlll.
854 3848 915 3903 idus
928 3848 1040 3916 uesperi
1054 3848 1183 3911 uenisset,
1196 3848 1296 3904 Balbus

157 3931 210 3980 666
227 3914 297 3969 Itali
312 3916 387 3980 quod
403 3915 584 3970 tradiderunt
605 3916 713 3970 assidue
740 3916 773 3970 de
787 3923 844 3970 tola
862 3932 892 3970 re
909 3917 1099 3971 constituisset
1116 3933 1138 3971 a.
1156 3916 1180 3970 d.
1200 3916 1252 3971 Vll.
1264 3916 1297 3971 ad

157 3998 189 4036 ac
212 3981 359 4049 diligenter
375 3988 470 4049 petere
490 3983 521 4036 id
545 3985 629 4038 nimis
644 3998 713 4053 ,csse
740 3982 897 4050 Scipionem
910 3991 973 4038 ante
984 3983 1074 4038 lucem
1088 3983 1196 4046 uenire,
1211 3983 1297 4040 multa

156 4051 269 4115 lanpum
279 4051 352 4104 duxi
359 4065 413 4115 pro
423 4049 573 4106 breuitatis
585 4051 712 4107 consilio.
740 4051 774 4105 de
802 4059 884 4105 nocte
913 4067 974 4106 eum
998 4051 1152 4119 proiectum
1179 4068 1240 4106 esse
1264 4052 1297 4107 ad

158 4133 229 4173 6666
254 4117 403 4184 benignum
431 4134 462 4172 ac
488 4117 628 4173 liberalem
653 4119 713 4173 e'sse
741 4118 880 4173 Caesarem
898 4119 987 4174 idest
1005 4121 1089 4173 etiam
1106 4125 1297 4186 antetcmpus
1371 4130 1375 4153 ¹

157 4201 245 4252 66666
273 4185 424 4240 acerbosum
446 4192 544 4251 putes,
573 4186 626 4240 666
647 4186 713 4253 fere
740 4186 861 4241 aBalbo
874 4193 901 4241 et
912 4184 1045 4252 Scipione
1058 4188 1250 4242 constitutum.

157 4260 265 4308 tantum
282 4259 325 4308 est
342 4251 460 4317 benigne
478 4253 579 4320 largiri.
608 4255 714 4309 amissa
785 4259 800 4304 9
818 4253 851 4309 ab
870 4255 903 4309 iis
921 4253 1077 4310 bominibus
1094 4253 1249 4310 Lambinus
1266 4260 1297 4310 61

157 4321 382 4376 in'Germanica
411 4319 482 4374 libra
511 4337 543 4376 ac
568 4322 714 4387 particulo
741 4324 842 4388 opinor
854 4329 940 4386 recte,
954 4324 981 4376 si
991 4322 1170 4389 explicamus
1183 4329 1212 4376 ‘a
1224 4340 1297 4390 666-

157 4387 464 4456 simpliciterQuintum
474 4391 628 4456 scripsisse
638 4406 712 4445 man·
741 4391 865 4446 cioribus
883 4393 925 4445 cis
942 4390 1043 4457 quibus
1067 4397 1158 4446 tecum
1182 4406 1231 4446 res
1255 4396 1298 4447 est
