2970 5010
1194 335 1363 405 ¹3.

163 505 263 594 itaque
285 514 428 578 iudicium
451 514 598 577 Catilinae
611 515 639 576 si
651 515 681 574 in
698 513 880 576 novembrem
895 517 1113 589 contulerimus,
1135 531 1201 575 cum
1218 513 1308 586 (lirini-

87 605 89 610 ’
162 632 208 680 tus
230 637 288 680 non
311 628 344 679 ut
366 622 522 695 proxumis
550 619 655 678 diebus
677 618 797 691 sactum
824 618 879 677 sed
904 624 937 677 ut
963 619 1077 676 dudum
1102 620 1319 697 peruolpotum,

162 725 196 782 id
216 730 329 795 narret,
352 723 622 780 commonitoriolum
637 723 701 779 eius
715 721 896 779 adducimur
909 727 943 778 ut
955 706 1145 795 compositum
1166 735 1228 778 esse
1238 718 1314 795 sere

62 829 70 839 “
163 827 311 884 ianuario*
325 840 423 882 merae
444 824 518 880 anni
539 821 746 881 OCLXXXX
765 828 938 881 statuamus.
968 839 1002 882 eo
1024 831 1154 897 tempore
1169 820 1307 880 Marcum

163 928 268 985 celeris
295 926 382 984 rebus
407 926 604 999 praeparatis
630 925 750 982 assidue
775 930 878 997 petere
901 926 1107 999 petitionisque
1135 925 1223 998 quasi
1242 925 1308 982 uela

159 1029 297 1102 pandere
318 1029 441 1093 uoluisse
461 1043 502 1085 eu
523 1027 650 1100 epistula
665 1027 709 1084 ad
722 1027 849 1084 Atticum
864 1025 923 1100 Il,
940 1033 961 1084 2
981 1027 1177 1099 copnouimus.
1206 1025 1306 1084 eodem

106 1167 108 1188 .
167 1131 289 1200 (licinius
309 1137 465 1204 postquam
488 1127 640 1186 aedilitate
661 1143 693 1185 se
720 1127 877 1197 abdicarit,
906 1131 979 1187 satis
1000 1130 1041 1187 oli
1061 1134 1166 1186 nactus
1186 1133 1255 1186 erat
1276 1133 1309 1184 ut

159 1232 272 1304 fratris
293 1232 401 1289 bonorl
418 1230 603 1304 prospiciens
624 1231 740 1303 copiam
762 1232 792 1288 ci
807 1229 928 1302 faceret
950 1230 1104 1290 doctrinae
1124 1246 1198 1288 suae
1219 1236 1309 1302 atque

162 1334 378 1407 experientiae.
422 1330 538 1407 afuisse
553 1329 649 1389 Romo
674 1346 741 1390 cum
761 1334 882 1406 scripsit
896 1334 1165 1391 commentariolum
1185 1330 1309 1400 [licinius

162 1435 240 1494 Iuno
256 1435 398 1493 Guilelmo
417 1431 587 1508 Tydemuao
608 1434 687 1491 uisus
707 1443 750 1491 est
771 1437 823 1507 qui
844 1435 1077 1520 dissertationem
1092 1433 1130 1491 de
1143 1449 1177 1491 eo
1191 1433 1308 1490 1661666·-

165 1553 232 1596 cam
254 1542 283 1594 ct
295 1537 499 1610 antiquarium
523 1533 662 1620 Lupduni
683 1535 869 1595 Batauorum
891 1552 972 1596 anno
996 1541 1072 1593 1838
1097 1535 1194 1594 edidit
1216 1551 1250 1609 p.
1276 1539 1309 1590 19

162 1639 205 1696 <lu
221 1639 332 1712 primis
351 1642 477 1711 propter
494 1637 638 1710 epistulae
657 1638 756 1708 finem,
775 1638 805 1694 in
820 1653 877 1710 quo
894 1626 1042 1711 praesens
1063 1651 1122 1694 non
1144 1637 1310 1710 scripsisset

162 1757 194 1797 se
215 1740 291 1798 bace
309 1737 410 1811 fratri
421 1737 604 1820 corripeuda
626 1739 755 1808 trudere,
778 1739 833 1797 sed
853 1741 916 1813 ipse
937 1738 1094 1797 dicisset’.
1118 1743 1225 1796 contro
1247 1738 1307 1795 od-

85 1849 90 1858 '
160 1841 258 1913 fuisse
279 1839 353 1899 mibi
374 1842 405 1898 iu
427 1839 500 1898 urbe
521 1836 712 1910 cumfratre
733 1841 851 1900 uidetur
872 1843 940 1900 item
961 1849 1089 1916 propter
1108 1843 1197 1912 finem
1219 1839 1312 1898 libelli

162 1946 192 2001 iu
221 1958 278 2016 pao
305 1941 412 2000 absens
439 1957 499 2001 nou
528 1942 696 2014 scripsisset
723 1941 839 2020 siquid
865 1942 1039 2002 mutandum
1064 1960 1127 2001 esse
1151 1939 1307 2008 vibebitur,

164 2043 249 2103 vobim
275 2042 330 2103 boc
353 2043 425 2102 milri
448 2042 528 2102 dicas
550 2043 605 2101 sed
626 2041 711 2101 velim
735 2042 791 2102 hoo
814 2043 885 2103 mibi
907 2034 1040 2104 scribas?
1144 2033 1146 2043 ’

248 2148 461 2220 Arpumenlum
482 2145 575 2204 libelli
594 2146 671 2203 iusta
693 2161 794 2204 rerum
817 2147 1022 2206 distributione
1043 2162 1080 2205 ac
1101 2154 1200 2206 tenore
1214 2145 1309 2220 mapls

164 2265 252 2323 uuam
273 2247 424 2319 facilitate
446 2248 587 2305 orationis
608 2256 637 2304 et
659 2249 754 2305 nitore
778 2251 932 2323 conspicui
957 2251 1123 2308 summatim
1148 2263 1307 2322 caponum.

163 2353 224 2409 tria
245 2351 360 2424 petenti
380 2346 493 2427 fratri
507 2349 637 2406 monime
665 2349 839 2408 meditando
865 2366 928 2408 esse
949 2349 1040 2426 boec,
1068 2364 1174 2408 norum
1196 2365 1227 2407 se
1247 2365 1310 2407 esse
1369 2340 1372 2345 “

123 2434 125 2438 ’
165 2452 322 2527 bominem,
348 2448 533 2508 consulatum
555 2464 586 2506 se
605 2456 720 2522 petere,
752 2452 898 2509 ciuitatem
926 2467 989 2510 esse
1016 2450 1140 2510 Romam
1164 2446 1202 2530 (ἕ
1225 2457 1240 2507 1
1265 2455 1308 2525 2).
1342 2527 1345 2540 λ

160 2553 294 2627 primum
316 2553 407 2624 lpum
429 2552 467 2610 de
488 2552 616 2610 nouitate
632 2551 752 2610 disserit
772 2549 810 2632 (§
833 2557 962 2629 2—12):
984 2553 1169 2627 subleuotum
1189 2567 1255 2612 eom
1271 2553 1312 2611 iri

164 2655 296 2712 manime
318 2653 440 2730 dicendi
457 2654 558 2724 ploria
581 2670 619 2712 ac
637 2652 786 2724 facultate
802 2656 883 2728 (23)
905 2656 1013 2714 deiude
1027 2657 1191 2714 aculeorum
1205 2655 1308 2714 midli-

165 2755 266 2814 tudlne
287 2761 318 2814 et
334 2753 495 2828 peneribus
517 2755 564 2828 (3)
589 2761 648 2813 tum
676 2755 816 2815 nobilium
845 2757 994 2816 bominum
1022 2759 1171 2816 uoluntate
1193 2756 1309 2829 partim

163 2859 366 2916 consularium
390 2858 504 2930 partim
534 2856 767 2916 adulescentium
789 2859 902 2932 (l-b)
932 2859 1059 2932 denique
1086 2860 1308 2932 competitorum

163 2960 284 3030 ionaria
306 2967 334 3017 ct
356 2957 486 3030 infamia
509 2958 639 3032 (1-16)
664 2961 829 3034 praecipue
851 2962 962 3020 Antoni
983 2961 1031 3035 (6)
1059 2966 1088 3019 el
1110 2961 1254 3044 Coldium
1276 2960 1310 3031 (ll

166 3065 225 3135 16).
257 3076 352 3133 quare
373 3061 520 3118 meliorem
539 3059 645 3120 Marco
664 3063 813 3134 petitionis
831 3061 991 3132 fortunam
1011 3062 1114 3121 datam
1136 3077 1199 3120 esse
1220 3076 1309 3135 quam

165 3163 260 3222 Coelio
284 3162 379 3221 Culdo
401 3162 657 3222 nobilissimorum¹
669 3172 758 3236 atque
779 3163 852 3222 bene
873 3166 1045 3224 meritorum
1061 3158 1211 3223 loominum
1226 3177 1310 3222 oom-

161 3265 284 3339 petilori
303 3265 352 3334 (11
379 3267 436 3338 12).
467 3265 527 3321 ium
550 3265 587 3322 de
607 3267 747 3338 petitione
762 3266 897 3324 dicturus
919 3263 957 3345 (ἕ
980 3269 1111 3348 16-63)
1129 3265 1311 3340 perstrinpit

164 3370 227 3423 clus
249 3365 500 3437 mapuitudincm:
527 3368 712 3446 consulatum
734 3383 877 3426 summum
899 3369 1029 3428 ciuitatis
1050 3370 1147 3427 locum
1171 3367 1311 3426 Ciceroni

164 3468 269 3524 inultos
290 3467 391 3523 multis
405 3465 443 3522 de
463 3469 578 3524 caussis
599 3468 732 3527 inuidere
755 3470 876 3542 (1311)
900 3470 1000 3542 itaque
1022 3484 1136 3527 mmmo
1158 3483 1233 3542 opus
1247 3484 1310 3527 csse

164 3571 196 3628 iu
216 3568 355 3642 petitione
376 3583 452 3626 cura
475 3569 552 3642 (15).
597 3561 715 3627 uersari
740 3577 837 3629 aulem
862 3572 1032 3643 petitionem
1055 3572 1085 3656 in
1113 3569 1230 3629 duabus
1249 3585 1320 3644 66-7

164 3672 305 3728 tissimum
333 3670 509 3738 rationibus,
538 3671 570 3728 iu
596 3673 760 3730 amicorum
788 3672 893 3730 studiis
919 3680 948 3731 et
975 3674 1005 3730 in
1032 3675 1140 3747 populi
1164 3674 1310 3731 uoluntate

166 3772 244 3844 (16).
289 3772 451 3830 amicorum
473 3773 573 3832 studia
596 3780 686 3832 antea
703 3779 800 3848 portu
822 3790 884 3833 esse
902 3780 1054 3853 oportere,
1077 3774 1194 3847 referri
1211 3781 1309 3835 autem

165 3874 241 3930 iuter
264 3875 374 3931 amicos
402 3874 434 3931 in
453 3875 593 3947 petitione
615 3877 667 3948 qui
687 3876 803 3950 aliquid
824 3877 962 3935 ostendat
982 3879 1013 3935 in
1037 3879 1194 3951 petitorem
1216 3877 1309 3937 bonae

165 3975 339 4046 uoluntatis,
372 3976 516 4049 uariaque
543 3957 707 4036 amicornm
732 3985 862 4054 periero,
886 3979 1002 4052 partim
1023 3987 1177 4052 ,copnotos
1205 3995 1309 4038 neces-

164 4077 297 4135 sariosue
312 4075 379 4148 (16)
397 4078 515 4150 parlim
533 4077 708 4138 domesticos
723 4091 760 4137 nc
775 4080 897 4139 tribules
918 4096 985 4139 cum
1008 4081 1120 4140 libertis
1143 4083 1208 4154 (17)
1229 4096 1309 4154 por-

165 4181 216 4238 tim
244 4178 374 4235 bomines
402 4179 532 4236 illustres
559 4182 603 4238 uel
630 4181 807 4252 mapistratu
833 4180 995 4254 innocuus
1021 4184 1067 4241 uel
1090 4183 1238 4256 pretiosos
1264 4182 1310 4240 uel

92 4262 94 4267 ¹
165 4280 334 4340 ambitiosos
357 4278 424 4352 (lb)
448 4294 578 4353 quosque
599 4297 776 4342 caussarum
798 4283 1019 4355 defensionibus
1041 4284 1143 4342 Cicero
1161 4283 1218 4341 sibi
1237 4283 1308 4342 obli·

162 4388 289 4459 parerat
307 4381 383 4456 (lb),
401 4382 445 4441 ad
458 4383 544 4441 uaria
557 4385 708 4458 petitionis
728 4399 854 4445 munera
876 4402 938 4446 esso
963 4385 1128 4447 croilanda
1150 4400 1188 4446 uc
1210 4385 1308 4462 dispo·

1064 4483 1106 4546 1*
