2970 5010
1245 321 1281 390 ll

140 493 344 570 interposuere
365 494 636 555 commentariolum
658 492 776 554 codices
798 496 844 553 ocl
865 493 924 553 lac
940 509 1001 552 una
1016 511 1052 553 re
1064 496 1171 567 quanti
1187 501 1282 554 aestu·

139 598 244 656 mandi
263 599 321 656 siut
341 599 401 671 ipsi
420 597 570 663 indicant,
594 598 625 654 iu
647 597 853 671 antiquissimo
874 596 950 655 libro
971 596 1015 654 ad
1040 594 1174 656 Tironem
1197 598 1285 656 datas

139 702 284 775 epistulas
306 702 465 772 fictamque
492 698 536 755 ad
558 696 752 758 Octauianum
779 701 912 772 sequitur
940 698 1118 758 antecedens
1146 699 1283 758 Catonem

140 809 170 862 ct
191 801 333 861 Laelium.
355 803 438 875 *iam
465 816 532 859 cnm
556 800 760 860 Berolineasis
788 801 837 859 alc
865 800 939 859 liber
961 816 1019 860 non
1043 801 1154 859 lrabeat
1172 803 1283 874 epistu-

140 907 186 964 las
208 906 266 962 nisi
282 905 413 972 selectas,
436 902 596 962 subditione
611 908 708 962 autem
730 902 774 960 ad
796 902 990 963 Octauianum
1012 904 1065 961 illa
1080 905 1111 960 in
1124 904 1188 961 alio
1210 905 1282 960 mul·

140 1013 188 1064 tae
216 1006 413 1076 auctoritatis,
441 1006 615 1064 Florentino
642 1005 820 1074 Petrarcae,
848 1007 1045 1078 epistularum
1075 1005 1118 1062 od
1146 1004 1283 1074 Quintum

140 1108 230 1167 lilros
251 1109 394 1184 excipiat,
419 1121 478 1164 non
501 1106 627 1178 difdcile
648 1109 707 1166 erit
723 1107 963 1181 persuaderem
986 1108 1140 1166 uetustiore
1159 1122 1284 1180 corpore

139 1211 219 1268 nonde
244 1211 479 1269 commentarioli
503 1210 608 1268 notitia
635 1211 732 1298 omneis
752 1212 879 1283 tluocerit
904 1209 1104 1268 continuatum
1131 1208 1165 1266 id
1187 1206 1284 1279 tuisse
1385 1196 1388 1205 ’

129 1290 244 1371 ‘Marci
276 1311 319 1370 ad
346 1310 478 1382 fratrem
514 1312 655 1384 epistulis.
700 1317 728 1370 et
754 1313 832 1370 enim
860 1313 912 1386 qui
939 1309 1032 1369 Orelli
1058 1308 1283 1383 disputationem
1365 1385 1371 1396 ·

139 1415 234 1474 seculi
247 1413 451 1472 Berolineasis
472 1414 584 1474 codicis
603 1415 735 1488 syllopcu
757 1414 953 1488 epistularum
968 1429 1008 1471 ea
1029 1412 1212 1472 Vercellcnsi
1225 1413 1282 1470 de-

140 1516 252 1576 ducere
273 1517 406 1574 maluere
428 1531 517 1588 qnam
540 1517 664 1575 emutio
686 1531 723 1574 ac
738 1515 861 1574 diuerso
882 1517 1032 1589 exemplo,
1054 1515 1083 1572 ei
1103 1513 1284 1573 hocerrore

133 1618 276 1693 prolapsi
289 1618 429 1676 uidentur
450 1622 483 1675 ut
496 1633 581 1691 quaem
597 1617 723 1676 bonitale
744 1632 803 1676 non
823 1623 980 1692 praestare
992 1621 1214 1691 perspexerant
1228 1631 1283 1675 co-

141 1721 235 1780 dicem
257 1720 346 1778 etiam
369 1718 407 1777 de
427 1719 613 1779 hereditaria
633 1721 740 1780 veteris
759 1720 918 1778 memoriae
937 1719 1120 1792 possessione
1140 1717 1284 1778 deiectum

140 1823 230 1896 quasi
248 1821 359 1897 capitis
379 1821 614 1881 condemnarent
635 1821 782 1896 cupidius.
805 1826 936 1881 ceterum
956 1821 1103 1880 'Asconius
1124 1821 1156 1878 in
1171 1822 1245 1894 eapl
1266 1853 1285 1863 -

141 1925 260 1982 tratione
282 1923 425 1982 orationis
446 1924 477 1981 in
499 1928 567 1997 lopo
594 1924 729 1984 candida
755 1923 874 1982 dalilae
899 1921 1000 1993 Quinti
1019 1923 1149 1982 libellum
1171 1923 1286 1982 silentio

137 2026 296 2101 proeteriit
317 2027 378 2084 siue
398 2041 460 2114 perx
477 2027 695 2098 lpnorationem
716 2027 778 2086 sine
796 2041 855 2100 per
877 2024 1059 2085 obliuionem.

224 2124 383 2200 Antiquior
409 2128 795 2188 itodiecommealariolum
822 2127 919 2186 coaeu
947 2129 1047 2186 nullus
1074 2113 1150 2186 tenet
1177 2128 1287 2188 nisisi

139 2230 192 2305 qui
212 2228 313 2288 cdltuc
335 2228 479 2288 delitescit
498 2245 586 2302 queam
615 2229 817 2289 Berolineasis
843 2245 896 2289 ms.
919 2231 972 2288 lat.
998 2228 1054 2300 fol.
1078 2246 1108 2288 a.
1135 2236 1192 2288 252
1213 2233 1288 2311 olimx

140 2331 329 2403 Erfurtcnsis
356 2333 472 2405 copiose
499 2331 666 2404 descriptus
694 2332 732 2390 ait
754 2315 903 2391 Eduardo
930 2330 1082 2390 Wundcro
1109 2335 1162 2404 qui
1182 2335 1285 2392 uarias

60 2453 64 2457 ·
138 2435 279 2493 lectiones
299 2448 340 2491 eu
361 2446 396 2490 eo
417 2433 546 2491 enotavit
569 2431 688 2506 Lipsiae
711 2450 739 2492 a.
766 2439 849 2491 1827.
885 2432 1046 2493 oriundum
1067 2449 1133 2492 eum
1160 2451 1223 2495 esse
1244 2453 1285 2496 en

141 2534 311 2594 caunensi
323 2537 500 2594 monasterio
511 2540 639 2610 propter
653 2541 830 2595 ornamento
842 2537 942 2610 primo
950 2534 1027 2608 folio
1042 2535 1165 2611 adpicta
1186 2541 1283 2613 scrip·
1343 2521 1347 2527 ¹

141 2644 258 2710 tumque
283 2651 342 2695 non
375 2645 407 2695 nt
444 2639 615 2697 Wunderus
647 2639 840 2697 existumavit
871 2639 1002 2711 iniamus
1035 2643 1144 2710 quarto
1171 2634 1285 2700 aemma

140 2740 259 2800 saeculo
286 2739 341 2798 sed
366 2745 420 2797 aaut
446 2740 602 2799 undecimo
629 2746 755 2799 exeunte
776 2747 830 2799 out
853 2745 938 2799 certe
964 2741 1082 2798 ineunte
1110 2739 1283 2800 duodecimo

141 2843 289 2904 Gustatus
311 2841 491 2916 Meyncloius
511 2842 588 2901 milui
606 2841 791 2914 sipnisicooit
812 2858 878 2902 cum
898 2843 1030 2916 primam
1051 2844 1305 2919 commentarioli,

136 2949 255 3019 partem
278 2940 321 3001 od
340 2939 364 3023 §
386 2951 424 3002 22
445 2960 537 3017 usque
559 2944 656 3003 denuo
677 2960 744 3002 cum
765 2944 868 3004 codice
889 2945 1024 3004 contulit.
1053 2945 1170 3016 reliquo
1193 2944 1284 3003 Adol-

136 3047 216 3122 plus
238 3047 438 3119 Kiessliuaius
458 3054 487 3105 el
507 3061 562 3119 epo
583 3048 731 3106 communi
744 3061 837 3120 opera
852 3048 1073 3119 recoaaooimus
1088 3062 1182 3120 neque
1190 3062 1283 3127 pror-

139 3164 203 3208 sum
222 3146 345 3220 frustra
368 3150 527 3223 insumpta,
551 3163 729 3222 quamquam
749 3150 892 3222 pluruma
915 3164 934 3206 a
960 3148 1112 3208 Wundero
1139 3155 1283 3209 accurate

139 3252 237 3309 relata
259 3249 328 3308 aidi.
374 3250 503 3308 contenet
523 3249 620 3308 codem
643 3249 792 3308 Ciceronis
807 3249 1016 3324 plilosopltica
1038 3250 1190 3310 rhetorica
1213 3265 1283 3309 oro·

139 3353 243 3416 tiones,
273 3355 333 3408 lum
360 3351 554 3423 epistularum
583 3358 616 3410 ut
641 3354 694 3425 qui
720 3351 849 3410 indicem
874 3355 1051 3426 praeposuit
1076 3351 1177 3412 scriba
1205 3353 1285 3412 dixit
1310 3385 1314 3392 ·

139 3451 229 3512 libros
255 3457 329 3518 tres,
359 3452 389 3508 in
417 3452 463 3531 lais
490 3454 634 3512 mtumam
661 3455 803 3527 epistulae
832 3452 875 3512 ad
903 3451 1097 3512 Octauianum
1123 3452 1284 3514 subiectam

138 3568 197 3613 non
225 3555 348 3614 rubrica
375 3560 428 3612 aaut
448 3553 650 3628 splendidiore
677 3556 761 3613 titulo
787 3554 957 3615 distinctam
993 3554 1094 3626 Quinti
1125 3556 1284 3630 epistulam

139 3657 177 3718 dc
194 3658 348 3731 petitione,
376 3672 454 3728 quae
475 3673 495 3714 a
513 3655 593 3728 solio
616 3662 672 3714 186
694 3671 777 3714 uerso
792 3657 918 3731 popinis
938 3655 1083 3728 bifariam
1106 3657 1209 3717 diuisis
1226 3675 1284 3733 per

139 3759 199 3816 trio
217 3757 297 3829 solia
313 3759 503 3833 producitur.
535 3760 566 3818 in
586 3762 721 3818 eatremo
743 3757 866 3826 additus
887 3764 930 3817 est
950 3758 999 3817 luic
1020 3759 1122 3818 titulus
1143 3757 1181 3819 M.
1198 3759 1232 3819 Τ.
1250 3760 1280 3821 C.

114 3918 117 3923 ,
139 3855 214 3917 libor
239 3857 276 3918 de
298 3865 449 3918 senectute
471 3875 557 3933 quem
581 3859 652 3919 Cato
673 3862 809 3933 sequitur
830 3876 869 3918 oc
890 3859 998 3918 deinde
1019 3860 1147 3920 Laelius.
1179 3861 1282 3922 Bero-

138 3961 247 4018 liucnsi
268 3960 323 4018 leoc
344 3962 478 4020 meliores
499 3962 618 4022 codices
632 3963 732 4021 nullus
745 3963 979 4022 commentarioli
990 3962 1086 4021 editor
1105 3963 1150 4021 ad
1162 3977 1283 4023 manum

139 4061 251 4120 naluit.
295 4063 350 4119 etsi
375 4064 453 4120 enim
481 4065 595 4124 leniora
624 4066 811 4143 simpularum
838 4080 980 4124 maxume
1006 4065 1202 4138 binarumque
1228 4066 1282 4123 lit-

139 4154 273 4221 terorum
298 4162 475 4222 detrimenta
501 4167 604 4236 qualia
633 4165 818 4240 archetypam
841 4168 955 4239 aliquot
980 4168 1053 4226 locis
1070 4165 1191 4238 fecerat
1211 4165 1282 4225 bene

139 4265 405 4334 reconcinnarunt,
435 4267 542 4324 omissa
565 4273 663 4325 tamen
686 4269 716 4325 iu
737 4263 761 4348 ἕ
784 4275 824 4326 45
847 4267 936 4327 aerbo
964 4283 1114 4341 reparare¹
1136 4283 1194 4325 non
1219 4283 1282 4342 po-

140 4374 230 4425 tuere.
276 4381 367 4425 unum
389 4367 435 4426 illi
455 4365 685 4450 praeferremus
707 4368 838 4430 Poleam·
863 4368 971 4429 tauron
1000 4376 1140 4438 ueterem,
1169 4369 1201 4428 in
1223 4385 1282 4447 quo
