2970 5010
194 332 236 397 56
599 349 719 413 331331
745 346 929 396 mausolus

195 506 325 583 tempori
348 503 510 566 consulam.
554 504 660 585 quibus
688 506 767 565 enim
797 513 825 565 te
847 511 970 584 propter
992 503 1111 583 aliquod
1133 504 1263 565 osticium
1286 524 1339 566 33-

196 613 385 676 cessiludinis
400 597 560 676 allaturum
576 616 702 693 negaris,
726 623 825 675 133133
846 616 856 673 1
875 621 1003 697 possunt
1017 613 1101 674 abste
1116 614 1222 694 placati
1238 618 1340 692 aequi·

196 743 254 804 que
276 724 442 805 diseedere;
473 723 580 802 quibus
602 734 700 785 autem
723 724 834 786 idcirco
856 725 984 802 negaris,
1014 724 1092 804 quod
1116 733 1144 784 te
1166 725 1340 803 impeditum

198 853 263 896 esse
296 834 407 895 dixeris
440 843 490 895 aut
522 836 686 896 amicorum
721 834 876 895 hominum
913 835 1041 912 negotiis
1074 843 1123 895 aut
1156 834 1342 913 gravioribus

197 945 294 1005 causis
316 937 457 1006 3313313
480 946 635 1022 susceptis
659 946 771 1005 inimici
794 943 961 1014 discedunt,
985 928 1148 1022 omnesque
1168 945 1226 1006 hoc
1242 948 1368 1006 animos

146 1061 322 1116 41333131
350 1053 407 1115 sibi
437 1064 464 1115 te
487 1055 607 1115 mentiri
629 1053 733 1115 malint
758 1071 843 1131 quam
868 1071 986 1132 negare.
1034 1055 1064 1116 C.
1089 1054 1225 1116 (1311313
1248 1056 1342 1116 ambi·

197 1166 277 1225 11333
306 1165 411 1226 artifex
440 1164 541 1225 dicere
568 1163 683 1225 solebat
712 1183 743 1226 se
767 1182 889 1244 operam
910 1182 1006 1234 suam,
1037 1164 1132 1242 quoad
1156 1183 1215 1226 333
1239 1173 1342 1226 contra

198 1276 327 1335 officium
357 1281 530 1355 rogaretur,
558 1274 693 1355 polliceri
724 1273 821 1336 solere
849 1273 1001 1344 omnibus,
1030 1275 1186 1354 impertire
1213 1277 1238 1334 is
1265 1275 1343 1354 apud
1445 1348 1449 1353 q

98 1372 103 1382 ¹
198 1403 273 1464 3333
289 1386 400 1463 optime
417 1386 488 1464 poni
510 1383 721 1453 arbitraretur;
743 1384 812 1444 ideo
834 1402 866 1445 33
889 1386 1001 1445 nemini
1017 1402 1141 1463 negare,
1158 1385 1236 1464 quod
1254 1404 1344 1464 saepe

198 1493 347 1555 accideret
369 1512 457 1556 causa
481 1513 535 1556 cur
557 1497 582 1554 is
606 1496 653 1555 cui
675 1493 821 1574 pollicitus
845 1504 924 1556 essct
947 1513 1006 1555 333
1029 1503 1174 1565 uteretur,
1201 1514 1290 1575 saepe
1313 1486 1382 1554 utro

197 1607 260 1684 ipse
284 1606 378 1683 magis
402 1611 478 1666 esset
502 1624 609 1666 vacuus
631 1622 718 1682 quam
743 1613 885 1685 putasset,
909 1619 1008 1684 neque
1031 1623 1117 1684 posse
1140 1606 1204 1665 3133
1219 1604 1341 1665 domum

200 1714 343 1794 compleri
367 1712 421 1794 ¹qui
448 1723 559 1776 tantum
588 1715 677 1776 modo
706 1717 854 1795 reciperet
881 1723 1025 1795 quantum
1054 1715 1168 1776 videret
1196 1733 1229 1775 se
1260 1714 1345 1775 obire

199 1842 302 1901 posse;
327 1843 397 1886 casu
419 1827 484 1886 sieri
506 1833 539 1887 ut
561 1833 685 1903 agantur
708 1844 840 1904 eaquae
863 1844 923 1885 non
951 1827 1080 1903 putaris,
1109 1823 1159 1885 illa
1182 1843 1257 1904 quae
1279 1843 1346 1884 cre-

200 1934 311 1995 dideris
332 1936 364 1995 in
386 1934 523 1997 manibus
547 1953 612 1996 esse
636 1945 667 1996 ut
689 1935 785 2016 aliqua
816 1935 853 1995 de
876 1953 962 1996 causa
986 1953 1045 1995 333
1069 1944 1207 2013 agentum
1237 1933 1346 1994 deinde

149 2054 182 2103 48
202 2063 266 2107 3333
294 2053 460 2106 extremum
488 2053 521 2105 ut
548 2045 693 2106 irascatur
726 2046 753 2105 is
782 2047 831 2106 cui
859 2044 1045 2105 mendacium
1075 2044 1194 2105 dixeris.
1246 2043 1290 2113 id,
1320 2045 1345 2105 si
1359 2059 1384 2101 15

270 2215 283 2261 1
307 2215 424 2278 tempori
448 2217 495 2264 tuo
518 2214 582 2264 Itali
608 2214 612 2270 Ι
640 2213 716 2277 311311
739 2221 764 2264 31
787 2216 886 2280 quidem
903 2214 913 2262 i
930 2229 1009 2277 super
1027 2228 1044 2276 q
1061 2214 1091 2262 ta
1106 2220 1145 2263 331
1164 2211 1268 2278 aliquid
1286 2219 1310 2262 et
1329 2212 1346 2261 d

200 2283 238 2331 ite
255 2282 360 2344 adfecta
377 2289 406 2331 ut
421 2283 456 2332 311
473 2280 585 2345 aliquod
611 2278 616 2347 Ι
643 2281 706 2331 ahi
731 2279 735 2344 Ι
764 2297 852 2346 33333
882 2280 885 2346 Ι
909 2283 1068 2346 4333333113
1095 2278 1100 2344 Ι
1125 2278 1217 2330 63131
1240 2278 1244 2345 Ι
1268 2277 1343 2344 11111Ι

202 2352 216 2400 l
237 2348 326 2414 quoad
343 2350 498 2399 Lambinus:
516 2348 588 2413 quod
607 2348 611 2414 Ι
631 2351 646 2400 8
664 2348 724 2412 hiel
747 2352 763 2400 0
782 2365 835 2414 333
853 2364 938 2414 saepe
954 2346 958 2414 Ι
980 2352 1011 2399 10
1030 2364 1116 2398 33333
1134 2350 1227 2399 11313311
1244 2348 1346 2398 Lambi-

201 2433 248 2467 nas
262 2415 267 2481 Ι
284 2419 315 2466 13
333 2432 418 2467 33333
435 2415 511 2481 fieri}
531 2420 563 2468 14
579 2424 699 2481 praestat
715 2417 831 2480 denique

271 2587 285 2634 1
303 2585 358 2650 ipsi
376 2590 422 2636 tuo
444 2585 471 2634 V
485 2590 494 2636 l
513 2589 566 2636 38:
584 2586 701 2650 tempori
719 2589 766 2635 133
785 2588 793 2634 1
809 2587 902 2651 reliqui
916 2583 920 2649 Ι
936 2588 952 2636 3
968 2584 1070 2634 iccirco
1088 2587 1098 2634 l
1113 2587 1228 2649 plerique
1244 2582 1248 2648 Ι
1263 2586 1279 2633 4
1297 2584 1347 2634 ho-

202 2653 304 2702 minum
323 2669 370 2703 om.
389 2653 413 2701 L
439 2653 444 2710 1
470 2654 755 2704 533331333133133
775 2656 899 2703 331150
923 2652 927 2715 Ι
954 2667 1048 2702 313333
1067 2652 1279 2715 quitatem
1298 2655 1348 2701 117

204 2724 255 2770 127
275 2719 279 2785 Ι
299 2721 518 2772 6111113038
544 2719 548 2784 Ι
575 2721 681 2784 1311311
699 2722 722 2770 L
740 2728 847 2785 praeter
865 2724 897 2770 50
921 2715 926 2786 Ι
950 2722 965 2770 9
985 2720 1103 2783 11133333
1121 2721 1145 2769 L
1162 2727 1271 2784 praeter
1289 2717 1345 2783 5οΙ

203 2802 306 2851 negare
319 2789 423 2838 nemini
434 2789 458 2837 L
473 2788 477 2848 Ι
494 2792 525 2838 10
538 2789 679 2838 accideret
696 2793 727 2838 ut
744 2789 768 2838 is
781 2792 789 2837 l
801 2792 834 2837 50
849 2787 853 2853 Ι
868 2803 923 2838 non
939 2792 1107 2837 uteretur-
1125 2790 1155 2836 11
1171 2789 1259 2850 magis
1273 2795 1348 2836 esset

203 2872 250 2905 om.
275 2857 299 2906 L
321 2865 428 2920 praeter
449 2859 484 2906 48
507 2859 539 2906 te
562 2860 596 2906 50
618 2859 683 2920 124,
707 2861 764 2906 11331
786 2857 811 2905 V
836 2855 839 2921 Ι
870 2870 976 2905 uacuus
997 2856 1070 2905 foret
1093 2854 1154 2922 plus
1177 2869 1259 2918 quam
1282 2858 1291 2904 l
1314 2858 1347 2904 30

205 2927 264 2984 122,
283 2927 341 2973 item
363 2926 395 2978 V.
418 2924 513 2974 fatuus
536 2925 608 2974 soret
625 2925 714 2988 magis
735 2940 816 2988 quam
834 2925 982 2973 Danielinus
1008 2921 1012 2987 Ι
1039 2927 1151 2987 putaret
1168 2926 1177 2972 l
1195 2925 1227 2971 47
1245 2926 1279 2972 50
1297 2925 1347 2972 122

204 2990 396 3045 1201033133
416 2992 474 3041 3133
493 2993 517 3040 L
532 2989 537 3056 Ι
553 2995 584 3042 13
604 3007 637 3041 33
655 3006 727 3054 3333
745 3018 778 3026 -
798 2993 829 3040 14
847 3007 901 3041 non
920 2995 1040 3055 agantur
1056 3007 1103 3043 om.
1126 2991 1152 3039 V
1168 2993 1230 3041 138

205 3175 298 3226 nuper
320 3160 533 3214 demonstratus
555 3164 598 3214 est
619 3152 759 3224 pelculsi-
787 3165 820 3210 55
842 3159 971 3222 disserit,
995 3163 1081 3213 natus
1100 3174 1176 3213 anne
1198 3156 1348 3222 DCXXX,

204 3245 270 3283 των.
298 3227 346 3282 ubi
360 3228 484 3294 primum
500 3225 621 3281 Morcus
639 3227 678 3281 ad
688 3227 760 3281 scri·
787 3227 846 3292 lepe
866 3226 954 3280 Varia
973 3228 1080 3282 eiectus
1097 3227 1132 3281 de
1144 3227 1260 3281 ciuitate
1273 3242 1348 3280 anno

205 3296 324 3352 benaiam
339 3295 546 3361 philosophiam
562 3297 687 3349 animum
711 3311 760 3360 ap·
787 3292 1350 3359 1101111111,33033333183113,3311331

203 3363 290 3431 pulit,
308 3365 433 3418 imitatas
450 3369 493 3418 est
504 3362 660 3418 Platonem.
689 3361 761 3416 Pro·
789 3381 815 3417 a.
826 3361 1021 3426 DCLXXIX,
1037 3377 1076 3416 ex
1091 3363 1243 3417 consulatu
1251 3365 1348 3428 prose-

206 3439 334 3498 luporum
342 3431 472 3486 Platonis
484 3433 541 3485 iarn
551 3436 616 3484 ante
630 3429 761 3484 consula·
788 3435 851 3486 clus
862 3433 893 3484 in
904 3429 1024 3485 Galliam
1038 3437 1065 3484 el
1074 3435 1140 3484 ante
1150 3446 1233 3496 quam
1248 3431 1348 3484 triurn-

207 3506 253 3555 lus
267 3501 431 3566 petitionem
445 3505 537 3564 potest
554 3500 763 3564 interpretatus
787 3497 1347 3566 3133313331333,*33333333331333ιί-

207 3583 278 3624 3333.
313 3568 452 3622 eiusmodi
467 3567 563 3622 studia
588 3581 645 3620 non
669 3565 763 3620 dubito
790 3565 1348 3633 333133331333133[3133313313333133

207 3637 275 3703 quin
287 3635 454 3690 ioculariter
465 3633 587 3700 Quintus
599 3634 763 3700 sipnifieare
791 3635 830 3689 ad
848 3635 1038 3700 patrocinium
1061 3632 1247 3698 eonfuperint
1264 3633 1348 3688 desti·

208 3704 331 3759 uoluerit
351 3719 409 3757 una
431 3718 494 3757 eum
511 3703 604 3757 studio
623 3702 764 3756 ueritatis.
790 3703 844 3756 1311
859 3719 877 3756 3
896 3701 1001 3756 Crasso
1018 3703 1195 3767 Antoniopue
1213 3699 1348 3755 3111Ρή1-

208 3770 354 3826 consulere
369 3770 488 3838 tempori
509 3771 594 3825 etiam
612 3767 765 3823 Caecilium
792 3770 867 3836 lippo
881 3785 915 3822 ac
927 3767 1075 3823 Strabone.

207 3838 329 3893 Marsas
346 3837 435 3892 331311
451 3840 482 3892 in
498 3853 605 3892 caussa
622 3843 687 3891 ante
709 3851 764 3891 me·
838 3838 871 3887 15
888 3835 916 3889 id
929 3851 1086 3901 pronomen
1098 3852 1151 3903 333
1165 3835 1203 3890 ad
1215 3835 1350 3889 irascatur

208 3912 328 3962 morula.
792 3919 965 3959 reuoeamur
986 3904 1102 3959 librarii
1125 3903 1209 3958 stulte
1233 3903 1349 3969 copula-

258 3981 275 4026 5
299 3972 438 4040 praefero
462 3973 471 4025 i
495 3971 597 4026 inimici
621 3970 767 4026 discedunt
792 3978 861 4026 runt
873 3987 936 4026 cum
948 3972 1102 4040 promittas,
1119 3987 1172 4038 qua
1184 3971 1263 4038 facto
1276 3972 1351 4025 idem

209 4059 266 4098 non
283 4041 357 4108 quod
373 4046 569 4105 antepressnrn
585 4045 628 4095 est
645 4048 735 4094 tamen
757 4038 766 4091 i
789 4055 970 4106 praeponere
983 4041 1049 4094 ausi
1061 4047 1128 4095 sunt
1145 4038 1350 4104 3333301331·-

230 4117 336 4172 assunt,
354 4109 406 4164 sed
417 4125 470 4174 pao
482 4107 599 4174 plonius
615 4108 646 4161 bi
662 4107 767 4173 aliquot
793 4109 834 4162 bo.
858 4107 926 4162 3113
940 4113 1006 4164 ante
1019 4106 1195 4175 paucioribus
1212 4105 1350 4171 13113313-
1419 4156 1422 4169 ,

209 4128 336 4233 llantines
360 4183 386 4231 el
410 4178 459 4242 aui
481 4177 650 4231 insecuntur
672 4191 765 4229 omnes
793 4191 848 4230 nus
865 4175 1017 4242 aliqnando
1039 4181 1066 4230 31
1082 4175 1236 4240 Kapserus
1255 4173 1350 4228 delen-

209 4247 296 4301 distin
317 4251 433 4300 uantur.
793 4243 859 4297 dum
871 4258 1010 4298 censuere
1023 4244 1117 4297 minus
1129 4248 1215 4304 reete,
1228 4257 1293 4294 nom
1304 4243 1351 4294 ira

255 4319 270 4364 9
290 4264 317 4368 il.
330 4311 467 4367 Aurelius
481 4309 606 4365 Callode
619 4325 672 4376 3113
684 4307 765 4363 Mar·
793 4311 826 4366 de
839 4329 895 4377 pua
907 4313 1003 4377 apitur
1015 4325 1054 4365 ex
1071 4325 1121 4376 spe
1132 4309 1280 4376 frustrata
1293 4324 1351 4362 non

210 4397 261 4438 cus
264 4383 452 4449 potissumum
462 4381 492 4434 in
499 4378 591 4434 Bruto
601 4378 667 4434 inde
677 4395 695 4432 a
704 4393 766 4444 cap.
790 4379 823 4446 fit
835 4377 1010 4447 paucioribus
1023 4379 1076 4434 sed
1086 4380 1114 4434 ei
1122 4379 1170 4444 331
1176 4379 1352 4444 promiserat
