2970 5010
1269 310 1290 373 9
1311 389 1312 393 Ν

144 489 274 565 propria
296 487 334 545 ob
356 489 451 546 altero
478 489 544 544 utro
566 485 707 548 Cicerone
728 482 840 552 editas,
863 501 922 546 non
941 490 1163 561 pertractatum
1184 501 1247 544 esse
1269 501 1289 544 o

148 592 255 650 Marco
270 589 383 664 liquido
404 586 649 656 confirmabimus,
673 587 808 660 idemque
829 590 910 662 quod
922 591 953 647 in
969 589 1137 647 uniuersum
1159 588 1290 646 libellum

146 695 234 753 etium
256 695 288 751 in
308 696 411 766 portes
437 691 501 749 eius
527 690 661 762 sinqulus
682 689 792 747 cadere
813 690 1061 755 ratiocinabimur
1083 689 1289 765 probabiliter.

146 799 234 854 erunt
252 792 383 866 fortasse
405 793 457 865 qui
478 791 597 849 addant
614 790 751 860 Ouinium
773 806 832 848 non
853 808 918 851 enm
937 791 1037 864 fratri
1058 791 1173 850 dedisse
1193 798 1289 865 potes-

147 904 234 956 tatem
256 902 288 953 ut
314 896 357 953 nd
383 908 469 953 suum
496 894 546 952 ille
574 892 731 951 arbitrium
752 893 931 965 corripendo
953 899 1084 957 novaret,
1115 893 1170 951 sed
1195 899 1228 951 ut
1249 893 1293 950 ad

148 1001 244 1074 ipsum
267 1002 420 1056 auctorem
434 994 549 1068 siquid
566 993 718 1053 uideretur
739 984 914 1053 mutandum
936 995 1096 1053 tollendum
1118 995 1291 1074 addendum

147 1098 281 1170 deferret
301 1114 338 1159 ac
354 1101 630 1171 praemonstraret,
659 1095 767 1154 deinde
788 1098 912 1170 nepotiis
934 1097 1073 1155 Marcum
1101 1098 1132 1154 iu
1152 1099 1292 1170 petitione

147 1203 322 1260 distractum
338 1198 479 1273 pluribus
500 1203 529 1256 et
548 1197 738 1271 pravioribus
761 1195 859 1268 faisse
886 1215 976 1271 quum
996 1215 1053 1272 per
1080 1213 1157 1272 quae
1179 1213 1291 1258 uacare

146 1303 264 1362 licuerit
284 1303 405 1374 scriptis
425 1298 759 1358 emendandis-alienis.
795 1314 889 1374 neque
911 1301 1004 1373 iqitur
1026 1303 1133 1359 iustam
1155 1301 1291 1373 equidem

147 1418 286 1465 caussam
308 1402 393 1463 uideo
420 1417 515 1475 quare
543 1402 573 1459 in
591 1403 844 1462 commentariolo
872 1404 1054 1478 explicatum
1082 1404 1176 1460 locum
1198 1402 1291 1462 ullum

148 1513 201 1565 aut
221 1505 349 1564 breuiter
377 1504 488 1563 dictum
516 1503 660 1562 aMarci
686 1505 804 1576 inqenio
832 1505 981 1577 accepisse
1008 1505 1154 1576 oriqinem
1174 1507 1292 1564 existu-

149 1623 260 1666 memus
282 1622 320 1665 ac
341 1622 399 1664 non
423 1605 460 1664 ab
483 1609 548 1679 ipso
564 1607 665 1679 potius
688 1604 803 1675 Quinto.
848 1605 1015 1678 quodcum
1038 1606 1080 1663 itu
1102 1607 1149 1684 sit,
1172 1591 1294 1664 inora-

148 1712 224 1769 tione
251 1707 540 1780 Marcum'aliquici
560 1722 721 1781 usurpasse
748 1709 914 1780 colliqimus
941 1723 982 1766 eoo
1014 1710 1057 1767 eis
1089 1723 1165 1780 quae
1196 1706 1295 1778 Quinti

148 1811 376 1871 commentarius
397 1809 683 1889 subministraverat.
714 1809 866 1884 adponam
882 1816 979 1870 autem
1003 1811 1032 1868 in
1055 1812 1294 1869 commentariolo

148 1924 176 1973 et
194 1914 330 1973 oratione
358 1927 435 1985 quae
463 1927 614 1984 manumet
631 1918 807 1985 cortqruunt.
853 1912 891 1970 de
918 1913 1045 1992 Antonio
1075 1911 1200 1982 Quintus
1227 1909 1251 1993 §
1273 1919 1291 1970 8

150 2032 253 2074 vocem
275 2014 372 2087 inquit
394 2011 559 2072 audivimus
582 2013 707 2073 iurantis
729 2031 761 2073 se
777 2010 889 2072 Romae
911 2011 1021 2072 iudicio
1045 2029 1139 2088 aequo
1156 2031 1222 2073 cum
1238 2012 1291 2072 ho·
1313 2042 1333 2080 ι,
1368 2048 1372 2054 .

149 2117 228 2177 mine
250 2132 357 2194 graeco
380 2123 496 2175 certare
519 2132 579 2174 non
601 2132 697 2192 posse.
722 2114 848 2174 Marcus
857 2130 891 2188 p.
909 2120 977 2182 949,
996 2120 1031 2172 29
1045 2115 1182 2174 editionis
1199 2115 1293 2175 Turi-

148 2220 243 2280 censis
264 2216 412 2277 secundae
433 2217 464 2274 in
488 2234 539 2275 suu
563 2216 678 2275 civitate
701 2233 768 2275 cum
797 2217 956 2294 peregrino
985 2216 1101 2293 negavit
1130 2233 1162 2274 se
1184 2215 1293 2276 iudicio

149 2339 243 2400 aequo
268 2326 383 2378 certare
407 2335 503 2394 posse.
548 2320 579 2376 in
603 2318 749 2377 Catilinae
777 2319 974 2392 descriptione
1005 2316 1128 2388 Quintum
1154 2315 1178 2397 ἕ
1200 2324 1217 2375 9
1239 2335 1293 2378 oc-

148 2426 223 2483 cisos
244 2422 356 2495 equites
376 2433 515 2478 consonos
541 2428 748 2478 commemorat
779 2418 901 2486 Titinius
929 2419 1061 2480 Manlios
1092 2418 1234 2478 Tanusius
1256 2437 1294 2480 ac

147 2524 312 2601 praecipue
340 2520 372 2592 Q.
403 2519 577 2593 Caecilium,
608 2522 734 2581 idoneus
760 2528 830 2580 teste
857 2522 983 2582 Asconio
1016 2524 1187 2581 nominatim
1216 2523 1296 2583 uiuit

149 2642 221 2702 quos
242 2625 397 2686 occidisset
418 2622 451 2694 Q.
477 2622 637 2683 Caecilium
665 2623 710 2683 M.
742 2624 927 2683 Volumnium
955 2623 986 2681 L.
1013 2623 1186 2683 Canusium.
1230 2628 1291 2685 im·
1383 2646 1387 2654 ·

149 2733 284 2788 moratur
308 2725 430 2797 Quinum
451 2726 482 2782 in
504 2725 623 2784 crudeli
642 2727 727 2784 Mori
749 2725 923 2784 Gratidiani
944 2728 1037 2785 ccrede
1057 2722 1081 2806 ἕ
1105 2733 1140 2784 19
1163 2712 1214 2804 qui
1238 2711 1290 2784 ho·

83 2842 97 2895 ἢ
150 2830 260 2889 minem
290 2827 484 2888 carissumum
512 2825 624 2905 populo
653 2844 776 2887 romano
805 2824 960 2894 ceciderit,
990 2828 1078 2886 stanti
1108 2825 1216 2886 collum
1246 2845 1292 2886 se·
1356 2869 1361 2886 .

150 2931 261 2996 cuerit.
292 2935 380 3008 caput
407 2946 459 2988 sua
488 2945 576 2988 manu
605 2927 718 2994 tulerit,
748 2929 825 2987 idem
855 2928 1001 2987 Catilinae
1028 2931 1141 2988 crimen
1169 2928 1294 2988 Marcus

149 3036 271 3109 saepius
292 3037 353 3108 tota
374 3033 509 3090 oratione
530 3031 635 3090 obiecit
652 3036 775 3105 praeter
798 3032 861 3089 alia
884 3030 930 3088 itis
944 3018 1015 3088 usus
1029 3031 1126 3090 uerbis
1134 3048 1171 3105 p.
1187 3037 1257 3107 942,
1274 3038 1293 3089 8

150 3132 260 3195 coiium
281 3132 378 3192 secuit
400 3130 530 3192 hominis
558 3149 695 3191 maxume
719 3129 868 3210 popularis
890 3138 919 3190 et
935 3148 968 3206 p.
989 3137 1060 3208 943,
1085 3140 1122 3192 to
1144 3140 1234 3210 caput
1256 3131 1293 3191 ad

150 3233 261 3296 Sullam
289 3231 427 3293 manibus
454 3234 518 3312 ipse
545 3235 606 3293 suis
634 3232 749 3294 detulit.
793 3239 823 3291 et
847 3233 923 3292 baec
954 3233 1072 3306 quidem
1105 3236 1225 3308 otiaque
1256 3234 1294 3294 de

150 3339 258 3396 Antoni
277 3337 413 3410 praediis
431 3338 621 3410 proscriptis,
649 3337 686 3394 de
710 3334 856 3395 Catilinae
877 3337 1002 3410 stupris,
1027 3336 1065 3394 de
1087 3335 1196 3408 Africa
1215 3351 1293 3410 pro-

66 3454 74 3478 *
149 3440 264 3511 uincia,
300 3435 338 3495 de
360 3439 474 3496 testium
496 3437 582 3496 dictis
611 3453 648 3496 uc
670 3437 781 3496 iudicio
802 3441 892 3497 etiam
914 3439 941 3496 si
956 3439 1077 3512 pariter
1104 3443 1227 3511 uterque
1248 3439 1294 3498 uel

149 3539 290 3599 tractauit
315 3539 362 3596 uel
389 3539 520 3597 elocutus
547 3544 604 3613 est,
633 3544 731 3597 tamen
758 3540 838 3612 quod
863 3548 1026 3613 temporum
1054 3554 1214 3613 rerumque
1241 3545 1294 3597 aut

149 3643 321 3703 necessitate
343 3639 376 3699 id
393 3639 512 3711 facturn
527 3646 571 3699 est
584 3649 638 3698 aui
651 3642 878 3714 opportunitate,
901 3647 1066 3700 mutuatum
1081 3657 1143 3700 esse
1165 3628 1293 3700 alterum

150 3761 208 3803 non
229 3746 328 3816 liquet.
367 3747 400 3800 ut
419 3757 487 3827 cum
508 3744 649 3801 incestum
673 3742 819 3803 Catilinae
840 3749 869 3801 et
889 3743 1004 3803 Fabiae
1031 3744 1156 3816 uirqinis
1186 3744 1293 3802 Vesta-

149 3847 187 3903 lis
204 3844 376 3904 Ciceronum
394 3846 587 3919 propinquae
610 3845 659 3903 ille
680 3846 724 3903 sic
746 3844 948 3911 obscuraverit
968 3842 1043 3925 §ta
1066 3845 1116 3921 qui
1132 3843 1246 3904 nullum
1262 3845 1291 3902 in

150 3946 248 4006 locum
280 3949 342 4002 tam
376 3952 509 4004 sancium
543 3963 576 4004 nc
604 3953 664 4004 tom
693 3944 866 4023 religiosum
896 3946 1057 4007 occesserit
1083 3946 1114 4004 in
1143 3964 1202 4025 quo
1233 3964 1291 4005 non

151 4045 286 4107 etiamsi
315 4043 377 4104 aliis
404 4044 489 4122 culpa
512 4063 572 4104 non
595 4053 683 4115 esset,
715 4054 812 4107 iumen
845 4065 880 4106 ex
908 4066 960 4107 sua
983 4034 1115 4123 nequitia
1138 4046 1292 4117 dedecoris
1387 4097 1391 4107 .

150 4148 350 4226 suspicionem
372 4144 565 4225 relinqueret,
589 4148 637 4206 liic
657 4166 690 4223 p.
714 4155 783 4221 914,
809 4150 949 4208 teodem
971 4149 1057 4207 modo
1079 4149 1119 4208 ita
1141 4149 1236 4206 viuisti
1260 4154 1293 4206 ut

150 4267 209 4309 uon
229 4248 310 4308 'esset
331 4245 414 4307 locus
442 4254 502 4306 tom
529 4256 647 4309 sanctus
676 4267 734 4328 quo
764 4269 822 4310 non
851 4250 994 4310 adventus
1018 4256 1084 4309 tuus
1112 4249 1199 4307 etiam
1223 4266 1305 4308 cum*

150 4352 256 4427 (paulo
272 4357 342 4425 post
358 4351 501 4409 Asconius
520 4350 607 4408 etiam
623 4351 648 4410 si
660 4353 775 4426 posuit)
798 4349 883 4429 culpo
907 4349 986 4412 nulia
1010 4348 1153 4422 subesset,
1177 4350 1289 4410 crimen
