2970 5010
169 356 211 420 30
576 342 697 432 ovain
720 371 902 420 nicanorus

169 527 329 607 compilare
352 547 404 606 per
427 529 625 607 turpissimam
649 527 826 606 legationem
850 528 952 589 maluit
974 545 1061 604 quam
1085 528 1189 589 adesse
1212 536 1241 588 et
1256 548 1309 608 po·

135 637 237 718 apulo
260 639 393 699 Romano
417 638 595 718 supplicare.
624 637 697 698 alter
720 657 800 707 vero,
824 639 864 698 dii
887 638 966 708 boni,
990 658 1048 718 qno
1071 627 1230 716 splendore
1247 641 1308 699 est?

168 749 297 827 primurn
321 748 474 809 nobilitato
498 749 598 809 eadent
624 747 695 827 [qua
719 747 868 827 Catilinal.
913 768 983 813 num
1008 751 1137 810 rnaiorel
1166 768 1236 809 non.
1265 755 1310 810 set

168 860 283 919 virtute.
328 877 417 937 qnam
445 858 483 918 ob
506 860 593 926 ,rernl
638 859 716 936 quod
744 860 888 919 Antonius
913 858 1052 920 'umbram
1082 877 1164 919 suarn
1194 861 1308 928 metuit,

87 1019 93 1025 .
169 968 217 1029 hic
239 988 277 1029 ne
300 969 380 1047 leges
403 969 532 1045 quidem,
557 977 642 1030 aratus
657 971 688 1028 in
709 971 803 1048 patris
819 976 957 1046 egestate,
982 969 1122 1029 educatus
1144 971 1174 1031 in
1198 971 1336 1030 sororisr»

169 1082 288 1159 stupris,
312 1078 523 1140 corroboratus
538 1081 569 1139 in
585 1079 675 1139 caede
698 1081 824 1148 civium„
839 1081 922 1139 cuius
944 1080 1058 1156 primns
1074 1079 1109 1138 ad
1126 1098 1188 1140 rern
1212 1078 1310 1158 publi-

168 1209 231 1250 cam
255 1190 352 1251 aditus
373 1192 519 1265 equitibus
540 1189 573 1249 ll.
597 1189 767 1250 occidendis
795 1189 859 1250 luit.
903 1207 970 1248 narn
994 1189 1051 1249 illis
1078 1209 1151 1269 quos
1174 1191 1309 1250 memini·

169 1319 233 1361 inus
264 1300 369 1370 Gallis,
405 1301 454 1379 qui
482 1308 545 1360 turn
573 1299 750 1360 Titiniorum
784 1317 817 1359 ac
844 1298 1021 1359 llanliorum
1050 1317 1084 1360 ac
1111 1299 1308 1380 Tanusiorum

236 1489 252 1536 3
265 1501 319 1550 qna
333 1486 449 1535 catilina
462 1487 561 1548 expuat
574 1486 711 1535 Lambinus
729 1483 732 1548 l
745 1484 908 1538 annanias
922 1485 1071 1535 Corradus:
1084 1486 1191 1535 manius
1205 1483 1209 1548 l
1227 1487 1243 1535 b
1257 1500 1311 1535 neo

168 1553 263 1635 leges:
283 1570 328 1604 em.
345 1553 500 1616 Lambinus}
524 1554 538 1602 'l
558 1553 585 1602 in
605 1552 742 1617 equitibus
760 1553 880 1602 romanis
898 1553 938 1601 L:
958 1569 986 1601 ·1··
1005 1550 1010 1617 Ι
1030 1556 1046 1604 8
1064 1553 1228 1603 Mnnliorum
1245 1556 1311 1602 scri-

165 1638 223 1685 psi:
243 1637 401 1672 mannornm

237 1794 252 1840 2
276 1806 329 1855 quo
347 1791 386 1839 dii
404 1791 470 1839 honi
488 1790 632 1855 splendore
651 1793 660 1838 l
679 1794 695 1839 3
719 1788 755 1854 {3
778 1794 914 1840 malueram
935 1790 1080 1841 nobilitate
1101 1805 1156 1840 non
1172 1791 1276 1840 maiore
1306 1790 1308 1853 ζ

168 1863 184 1910 5
201 1860 274 1909 hunc
293 1857 356 1922 (hoc
370 1861 404 1907 36
417 1861 461 1919 38)
480 1859 607 1925 negliges
620 1858 727 1922 qnidam
741 1859 764 1906 L
775 1865 882 1922 praeter
894 1861 935 1917 50,
952 1860 1043 1908 deinde
1061 1863 1157 1908 natum
1171 1866 1197 1909 et
1211 1858 1311 1907 educa·

168 1934 225 1976 turn
240 1934 265 1977 et
281 1926 484 1976 corroboratum
495 1927 554 1989 sere
566 1929 645 1976 eidem
661 1924 665 1989 Ι
680 1929 696 1976 8
708 1927 876 1976 Nanniorum
889 1929 898 1974 l
910 1929 944 1976 48
954 1929 986 1975 49
999 1927 1168 1976 Vanniorum
1180 1929 1189 1975 l
1194 1929 1312 1992 plerique

170 2102 223 2148 teni
236 2100 319 2148 trans
334 2093 494 2148 Caucasum
507 2093 616 2159 pepulit
627 2093 727 2148 Asiae·
754 2110 832 2149 mus:
846 2094 974 2161 forsitan
987 2096 1079 2149 maior
1091 2093 1226 2150 uideatur
1238 2094 1314 2160 quod

169 2178 222 2229 auc
232 2161 318 2216 rebus
328 2163 489 2228 compositis
501 2160 651 2225 insariam
662 2178 727 2216 con·
756 2160 877 2216 Catilina
886 2164 1030 2228 patricius
1047 2168 1090 2217 est
1106 2167 1215 2228 epente
1229 2161 1300 2216 Trai
1307 2196 1311 2203 -

170 2231 272 2291 tendit,
309 2246 389 2283 varrato
431 2228 644 2284 DCLXXXIX
682 2229 728 2285 uel
755 2229 1311 2296 aaa,Antoniasptebeius,aerumnas

170 2296 367 2351 ,llCLXXXX
389 2299 539 2352 restitutus
563 2303 606 2351 est
630 2299 659 2350 in
681 2312 726 2351 re·
754 2304 797 2352 est
819 2300 910 2352 maior
933 2298 1008 2363 quod
1025 2295 1173 2355 Catilinae
1188 2300 1312 2352 maiores

169 2382 255 2431 ⁸circum
283 2367 366 2420 cuius
392 2366 466 2431 fines
495 2367 579 2419 etiam
608 2366 727 2419 adiectis
754 2382 811 2419 non
824 2366 901 2420 ultra
909 2370 1067 2430 praeturae
1076 2365 1210 2420 bonorem
1220 2369 1314 2420 euecti

171 2433 316 2488 rionnullis
333 2433 498 2487 ciuitatibus
519 2433 632 2487 dilatati
650 2438 725 2487 sunt.
753 2438 834 2496 sunt,
850 2434 957 2487 Antoni
971 2439 1055 2499 pater
1072 2438 1171 2487 arator
1181 2433 1241 2501 suit
1252 2433 1310 2487 cla-

170 2503 243 2555 idem
260 2508 319 2555 tam
335 2503 366 2554 in
388 2506 541 2565 conspectu
557 2500 674 2566 Pompei
696 2515 727 2554 se
754 2503 887 2555 rissimus
900 2504 976 2555 inter
988 2503 1135 2566 principes
1146 2503 1280 2556 ciuitatis.
1319 2531 1321 2536 ·

171 2569 316 2624 abdicauit
331 2583 419 2633 repno
434 2568 477 2635 lili
496 2570 591 2632 pratia
609 2568 727 2634 (Appia-
796 2575 812 2618 5
830 2569 935 2623 sororis
949 2569 1052 2636 stupris
1066 2584 1138 2634 auae
1151 2567 1252 2634 Seram
1264 2570 1308 2636 se-

171 2652 226 2691 nus
243 2635 341 2691 Mitbr.
360 2641 421 2699 105,
452 2635 545 2690 Valer.
567 2634 649 2689 Max.
674 2634 728 2690 V7
754 2637 792 2689 cit
803 2651 868 2690 cum
880 2636 957 2697 aliis.
976 2652 1042 2690 nam
1060 2635 1209 2690 Catilinam
1227 2640 1312 2690 etiam

171 2710 228 2759 cat.
244 2706 284 2769 2).
315 2705 416 2771 quodsi
428 2705 625 2768 recordamur
644 2719 728 2768 auam
754 2706 866 2758 sororio
884 2709 985 2770 stupro
1002 2703 1138 2768 pollutum
1150 2719 1214 2759 esse
1227 2707 1269 2758 sic
1283 2712 1312 2758 nt

171 2780 198 2826 at
214 2772 302 2840 facile
319 2779 347 2827 et
363 2771 493 2826 lubenter
510 2778 660 2826 senatores
678 2787 728 2824 no·
756 2770 883 2826 Clodium
901 2787 936 2826 ue
953 2770 1073 2826 Marcus
1095 2773 1206 2838 quidem
1222 2772 1311 2839 finae-

170 2841 239 2895 biles
252 2841 426 2906 sumpserint
442 2841 504 2894 eius
521 2839 597 2893 modi
612 2839 728 2904 lauatio·
754 2839 809 2893 bat.
851 2839 1009 2904 umbipuam
1038 2838 1136 2905 Quinti
1162 2840 1312 2894 dictionem

172 2923 232 2969 nes,
245 2907 322 2962 uelut
334 2907 367 2962 P.
380 2906 495 2961 Clodius
508 2922 584 2961 auno
597 2904 679 2961 DCX
679 2905 701 2960 C
706 2905 732 2959 V
753 2905 943 2961 Drumannus
960 2906 1147 2972 reprehendit
1162 2907 1227 2962 bist.
1242 2925 1311 2962 ram.
1341 2934 1346 2939 ,

172 2977 211 3031 ad
224 2976 376 3042 Tipranem
393 2980 421 3029 et
435 2992 461 3028 a.
474 2973 564 3028 llCIC
574 2974 613 3027 ad
624 2973 728 3039 Bropi·
761 2973 786 3027 V
794 2991 821 3039 p.
837 2979 888 3026 387
901 2991 927 3028 n.
941 2979 981 3027 bb.

124 3061 129 3073 ·
172 3051 267 3097 taram
279 3043 408 3098 Calatiae
419 3042 547 3107 rapulam
559 3042 675 3096 liberam
688 3041 727 3095 le-
797 3041 991 3106 8llanliorum
1001 3057 1144 3108 proxume
1156 3043 1195 3098 ad
1206 3043 1312 3098 codicis

171 3113 312 3177 pulionem
324 3111 475 3164 meditatus
487 3109 665 3176 essefcrtur,
677 3125 727 3175 pa·
757 3109 920 3164 Germanici
937 3110 1048 3164 litteras
1072 3111 1209 3166 accedere
1233 3112 1311 3165 uidc-

173 3181 262 3233 tuisse
290 3179 443 3233 Antonium
471 3178 658 3232 concedamus
681 3178 729 3230 illo
755 3184 810 3231 tur.
842 3177 1007 3232 Vanniorurn
1025 3184 1074 3232 aut
1091 3177 1244 3232 Naucorurn
1263 3184 1313 3232 aut

173 3256 296 3312 tempore
320 3248 442 3312 lepatum
466 3249 496 3299 in
522 3244 729 3310 Cappadociam
754 3244 920 3299 Nanniorum
931 3245 997 3298 libri
1005 3244 1245 3311 aLapomarsinio
1255 3246 1312 3300 col-

172 3315 317 3383 proficisci
328 3330 360 3368 eo
374 3315 484 3368 nomine
502 3319 533 3367 ut
544 3313 731 3367 instaurandi
755 3313 815 3374 lati,
828 3313 972 3366 naniorum
984 3312 1140 3368 Parisinus
1152 3320 1180 3368 et
1192 3313 1312 3369 Leiden·
1404 3358 1406 3367 ,

173 3383 400 3437 constituendiae
418 3396 507 3435 curas
525 3383 607 3445 rcana'
630 3395 729 3446 capes·
756 3383 806 3435 sis.
835 3378 984 3434 bisantius
1001 3382 1032 3434 in
1050 3379 1196 3436 Ciceronis
1213 3382 1252 3436 ad
1262 3384 1311 3436 Aa·

173 3456 259 3513 seret,
277 3465 310 3505 eo
327 3449 446 3504 consilio
463 3448 518 3503 sibi
533 3455 564 3502 ut
579 3450 730 3514 pecuniam
756 3449 842 3502 ticum
863 3448 985 3514 epistula
1007 3447 1026 3502 Ι
1041 3454 1084 3510 15,
1103 3456 1119 3500 5
1144 3447 1255 3504 Calnurn
1280 3467 1312 3504 cx

173 3519 324 3584 colliperet.
352 3516 622 3584 quamlepationem
641 3518 668 3570 si
689 3517 730 3569 ita
756 3515 916 3571 Nanneianis
933 3515 1011 3569 illurn
1031 3515 1167 3572 Crassum
1186 3516 1312 3584 appella-

174 3588 309 3652 suscepit,
321 3602 354 3640 ea
364 3586 520 3650 turpiorem
530 3584 674 3650 plerisque
687 3585 729 3638 ui·
757 3591 815 3638 tum
839 3599 902 3638 esse
920 3583 982 3638 ideo
1004 3584 1217 3650 suspicabatur,
1239 3585 1314 3652 quod

174 3669 235 3708 siim
244 3669 307 3708 esse
317 3658 537 3708 consentaneum
548 3658 600 3716 est,
610 3668 664 3718 pua
673 3669 731 3704 ma·
755 3658 984 3718 proscriptorum
996 3669 1014 3705 a
1024 3651 1235 3718 Sullaequitum
1245 3667 1313 3718 opes

175 3725 218 3786 pis
248 3721 441 3788 Cappadocem
477 3720 625 3774 constabat
653 3722 731 3775 aeris
757 3719 811 3774 sibi
831 3724 1060 3784 comparauerat.
1088 3719 1203 3775 Munati
1225 3723 1313 3786 ipitur

174 3804 266 3855 apere.
757 3788 862 3841 iudicio
873 3787 947 3841 idem
960 3788 1105 3854 utrobique
1115 3803 1215 3843 nomen
1228 3791 1313 3843 resti-

218 3861 235 3906 3
254 3872 318 3910 nuru
332 3856 435 3910 maiore
453 3855 499 3910 re‘l
516 3854 668 3909 Palermus
684 3855 730 3908 ob·
757 3855 892 3909 tuendum
904 3860 976 3917 erat,
989 3855 1125 3910 utNannii
1135 3858 1162 3911 si
1170 3856 1312 3910 uocaban-

175 3926 300 3987 scurius,
314 3940 378 3977 cum
390 3938 449 3977 rem
461 3923 635 3989 familiarem
648 3922 732 3976 uellet
758 3929 818 3983 tur,
835 3924 865 3975 in
882 3923 1004 3987 epistula
1020 3923 1070 3977 illa
1087 3924 1264 3978 scriberetur
1281 3940 1312 3977 en

174 3991 306 4058 intellepi.
324 3994 352 4045 si
362 3993 488 4056 pitueris,
498 3996 619 4057 practer
632 3990 730 4044 nobili·
756 3988 910 4044 Nannianis.
940 3991 992 4044 sed
1003 4005 1037 4045 cu
1049 3993 1225 4057 copnameuti
1235 3994 1313 4046 iocu-

175 4065 259 4114 tatem
282 4066 310 4114 et
333 4061 466 4113 uirtutem
489 4060 557 4123 auid
578 4057 731 4124 plurimum
756 4057 829 4111 laris
841 4059 1037 4123 interpretatio
1054 4075 1117 4113 cum
1135 4075 1192 4113 non
1204 4065 1313 4113 tantum

173 4128 317 4193 profuerit
329 4126 482 4180 candidato
496 4127 533 4179 ad
542 4126 731 4191 splendorem,
757 4128 868 4179 incerta
885 4127 923 4179 sit
945 4141 1046 4181 uerum
1065 4128 1150 4181 etiam
1167 4143 1230 4181 cum
1252 4141 1313 4180 ser·

176 4195 334 4262 respondeo
359 4192 481 4259 gratiam.
522 4207 611 4258 nequc
638 4199 732 4246 tamen
758 4193 1314 4261 monelatinoparumconpruat(nempe

175 4277 247 4329 auae
264 4262 348 4316 bodie
364 4261 732 4326 lepiturintcrropalionem
758 4276 772 4314 e
797 4259 1022 4315 Maecenatianus
1047 4277 1102 4315 non
1127 4263 1233 4317 dicitur
1257 4264 1315 4316 nisi

175 4329 372 4397 imperfectam
389 4335 439 4382 aut
456 4327 582 4383 inutilem
600 4343 664 4382 esse
683 4346 730 4381 ar-
758 4331 806 4394 pui
829 4331 889 4394 ipse
912 4328 969 4394 fuit
994 4333 1023 4382 in
1046 4329 1314 4397 familiuamicisur

175 4398 280 4463 bitror,
303 4397 384 4452 mado
400 4396 476 4451 barte
493 4398 520 4451 ei
536 4398 592 4451 aim
610 4395 731 4451 subicia-
757 4396 946 4462 Maecenatis)
959 4397 1035 4451 nullo
1046 4400 1113 4452 usui
1121 4398 1313 4455 cstademen-
