<?xml version="1.0" encoding="UTF-8"?>
<!DOCTYPE html PUBLIC "-//W3C//DTD XHTML 1.0 Transitional//EN"
    "http://www.w3.org/TR/xhtml1/DTD/xhtml1-transitional.dtd">
<html xmlns="http://www.w3.org/1999/xhtml" xml:lang="en" lang="en">
 <head>
  <title>
</title>
<meta http-equiv="Content-Type" content="text/html;charset=utf-8" />
  <meta name='ocr-system' content='tesseract 3.04.00' />
  <meta name='ocr-capabilities' content='ocr_page ocr_carea ocr_par ocr_line ocrx_word'/>
</head>
<body>
  <div class='ocr_page' id='page_1' title='image "./quinticiceronis00buecgoog_0061.png"; bbox 0 0 2970 5010; ppageno 0'>
   <div class='ocr_carea' id='block_1_1' title="bbox 180 346 917 436">
    <p class='ocr_par' dir='ltr' id='par_1_1' title="bbox 180 346 917 436">
     <span class='ocr_line' id='line_1_1' title="bbox 180 346 917 436; baseline -0.003 -28"><span class='ocrx_word' id='word_1_1' title='bbox 180 346 223 408; x_wconf 85' lang='grc'><strong>54</strong></span> <span class='ocrx_word' id='word_1_2' title='bbox 435 418 437 421; x_wconf 44' lang='grc'><strong>,</strong></span> <span class='ocrx_word' id='word_1_3' title='bbox 588 359 710 422; x_wconf 73' lang='lat' dir='ltr'><strong>omum</strong></span> <span class='ocrx_word' id='word_1_4' title='bbox 733 359 917 436; x_wconf 78' lang='lat' dir='ltr'><strong>nicanorus</strong></span> 
     </span>
    </p>
   </div>
   <div class='ocr_carea' id='block_1_2' title="bbox 131 515 1363 1918">
    <p class='ocr_par' dir='ltr' id='par_1_2' title="bbox 131 515 1324 816">
     <span class='ocr_line' id='line_1_2' title="bbox 131 515 1323 598; baseline 0.003 -24"><span class='ocrx_word' id='word_1_5' title='bbox 131 527 165 574; x_wconf 79' lang='grc'><strong>44</strong></span> <span class='ocrx_word' id='word_1_6' title='bbox 183 535 216 577; x_wconf 92' lang='lat' dir='ltr'><strong>ac</strong></span> <span class='ocrx_word' id='word_1_7' title='bbox 239 516 397 595; x_wconf 79' lang='lat' dir='ltr'><strong>diligenter</strong></span> <span class='ocrx_word' id='word_1_8' title='bbox 420 525 563 595; x_wconf 82' lang='lat' dir='ltr'><strong>rogatum.</strong></span> <span class='ocrx_word' id='word_1_9' title='bbox 609 517 781 594; x_wconf 87' lang='lat' dir='ltr'><strong>Benignitas</strong></span> <span class='ocrx_word' id='word_1_10' title='bbox 796 523 895 592; x_wconf 88' lang='lat' dir='ltr'><strong>autem</strong></span> <span class='ocrx_word' id='word_1_11' title='bbox 909 515 968 577; x_wconf 91' lang='lat' dir='ltr'><strong>late</strong></span> <span class='ocrx_word' id='word_1_12' title='bbox 988 524 1082 597; x_wconf 90' lang='lat' dir='ltr'><strong>patet:</strong></span> <span class='ocrx_word' id='word_1_13' title='bbox 1108 515 1166 598; x_wconf 88' lang='lat' dir='ltr'><strong>[et]</strong></span> <span class='ocrx_word' id='word_1_14' title='bbox 1184 525 1228 578; x_wconf 98' lang='grc' dir='ltr'><strong>εει</strong></span> <span class='ocrx_word' id='word_1_15' title='bbox 1243 519 1273 578; x_wconf 90' lang='lat' dir='ltr'><strong>io</strong></span> <span class='ocrx_word' id='word_1_16' title='bbox 1289 537 1323 578; x_wconf 87' lang='lat' dir='ltr'><strong>re</strong></span> 
     </span>
     <span class='ocr_line' id='line_1_3' title="bbox 181 626 1321 706; baseline 0.002 -20"><span class='ocrx_word' id='word_1_17' title='bbox 181 627 328 697; x_wconf 79' lang='lat' dir='ltr'><strong>familiari,</strong></span> <span class='ocrx_word' id='word_1_18' title='bbox 353 645 428 704; x_wconf 83' lang='lat' dir='ltr'><strong>qrrae</strong></span> <span class='ocrx_word' id='word_1_19' title='bbox 451 644 627 706; x_wconf 89' lang='lat' dir='ltr'><strong>quamquam</strong></span> <span class='ocrx_word' id='word_1_20' title='bbox 651 626 687 687; x_wconf 95' lang='lat' dir='ltr'><strong>ad</strong></span> <span class='ocrx_word' id='word_1_21' title='bbox 710 626 929 688; x_wconf 74' lang='lat' dir='ltr'><strong>multitudinem</strong></span> <span class='ocrx_word' id='word_1_22' title='bbox 951 629 1108 706; x_wconf 88' lang='lat' dir='ltr'><strong>pervenire</strong></span> <span class='ocrx_word' id='word_1_23' title='bbox 1130 645 1189 688; x_wconf 90' lang='lat' dir='ltr'><strong>non</strong></span> <span class='ocrx_word' id='word_1_24' title='bbox 1213 635 1321 706; x_wconf 87' lang='lat' dir='ltr'><strong>potest,</strong></span> 
     </span>
     <span class='ocr_line' id='line_1_4' title="bbox 183 731 1324 816; baseline 0.001 -19"><span class='ocrx_word' id='word_1_25' title='bbox 183 745 280 798; x_wconf 88' lang='lat' dir='ltr'><strong>tamen</strong></span> <span class='ocrx_word' id='word_1_26' title='bbox 305 737 341 797; x_wconf 89' lang='lat' dir='ltr'><strong>ab</strong></span> <span class='ocrx_word' id='word_1_27' title='bbox 364 737 466 798; x_wconf 92' lang='lat' dir='ltr'><strong>amicis</strong></span> <span class='ocrx_word' id='word_1_28' title='bbox 488 735 633 806; x_wconf 89' lang='lat' dir='ltr'><strong>laudatur,</strong></span> <span class='ocrx_word' id='word_1_29' title='bbox 657 736 837 797; x_wconf 69' lang='lat' dir='ltr'><strong>multitudini</strong></span> <span class='ocrx_word' id='word_1_30' title='bbox 859 745 941 816; x_wconf 86' lang='lat' dir='ltr'><strong>grata</strong></span> <span class='ocrx_word' id='word_1_31' title='bbox 966 745 1018 797; x_wconf 87' lang='lat' dir='ltr'><strong>est.</strong></span> <span class='ocrx_word' id='word_1_32' title='bbox 1064 731 1109 797; x_wconf 76' lang='grc' dir='ltr'><strong>εει</strong></span> <span class='ocrx_word' id='word_1_33' title='bbox 1130 739 1160 796; x_wconf 93' lang='lat' dir='ltr'><strong>io</strong></span> <span class='ocrx_word' id='word_1_34' title='bbox 1183 739 1324 798; x_wconf 90' lang='lat' dir='ltr'><strong>conviviis</strong></span> 
     </span>
    </p>

    <p class='ocr_par' dir='ltr' id='par_1_3' title="bbox 162 845 1363 1589">
     <span class='ocr_line' id='line_1_5' title="bbox 162 845 1324 927; baseline 0.001 -20"><span class='ocrx_word' id='word_1_35' title='bbox 162 865 258 925; x_wconf 52' lang='lat' dir='ltr'><strong>vquae</strong></span> <span class='ocrx_word' id='word_1_36' title='bbox 280 847 326 908; x_wconf 90' lang='lat' dir='ltr'><strong>lac</strong></span> <span class='ocrx_word' id='word_1_37' title='bbox 349 853 381 907; x_wconf 93' lang='lat' dir='ltr'><strong>ut</strong></span> <span class='ocrx_word' id='word_1_38' title='bbox 404 855 433 906; x_wconf 91' lang='grc' dir='ltr'><strong>ει</strong></span> <span class='ocrx_word' id='word_1_39' title='bbox 455 845 538 906; x_wconf 85' lang='lat' dir='ltr'><strong>abste</strong></span> <span class='ocrx_word' id='word_1_40' title='bbox 558 857 590 908; x_wconf 88' lang='grc' dir='ltr'><strong>ει</strong></span> <span class='ocrx_word' id='word_1_41' title='bbox 617 847 654 908; x_wconf 93' lang='lat' dir='ltr'><strong>ab</strong></span> <span class='ocrx_word' id='word_1_42' title='bbox 684 845 786 908; x_wconf 89' lang='lat' dir='ltr'><strong>amicis</strong></span> <span class='ocrx_word' id='word_1_43' title='bbox 813 848 871 907; x_wconf 91' lang='lat' dir='ltr'><strong>tuis</strong></span> <span class='ocrx_word' id='word_1_44' title='bbox 894 845 1140 908; x_wconf 79' lang='lat' dir='ltr'><strong>concelebrentur</strong></span> <span class='ocrx_word' id='word_1_45' title='bbox 1163 856 1192 908; x_wconf 90' lang='grc' dir='ltr'><strong>ει</strong></span> <span class='ocrx_word' id='word_1_46' title='bbox 1214 851 1324 927; x_wconf 87' lang='lat' dir='ltr'><strong>passim</strong></span> 
     </span>
     <span class='ocr_line' id='line_1_6' title="bbox 184 955 1350 1037; baseline 0.003 -21"><span class='ocrx_word' id='word_1_47' title='bbox 184 965 213 1016; x_wconf 92' lang='lat' dir='ltr'><strong>et</strong></span> <span class='ocrx_word' id='word_1_48' title='bbox 234 957 378 1018; x_wconf 89' lang='lat' dir='ltr'><strong>tributim.</strong></span> <span class='ocrx_word' id='word_1_49' title='bbox 424 965 468 1016; x_wconf 89' lang='grc' dir='ltr'><strong>εει</strong></span> <span class='ocrx_word' id='word_1_50' title='bbox 496 958 583 1018; x_wconf 88' lang='lat' dir='ltr'><strong>etiam</strong></span> <span class='ocrx_word' id='word_1_51' title='bbox 611 960 642 1018; x_wconf 91' lang='lat' dir='ltr'><strong>in</strong></span> <span class='ocrx_word' id='word_1_52' title='bbox 670 976 761 1037; x_wconf 91' lang='lat' dir='ltr'><strong>opera</strong></span> <span class='ocrx_word' id='word_1_53' title='bbox 790 976 877 1037; x_wconf 90' lang='lat' dir='ltr'><strong>quam</strong></span> <span class='ocrx_word' id='word_1_54' title='bbox 905 955 1046 1036; x_wconf 81' lang='lat' dir='ltr'><strong>pervulga</strong></span> <span class='ocrx_word' id='word_1_55' title='bbox 1075 964 1104 1017; x_wconf 91' lang='grc' dir='ltr'><strong>ει</strong></span> <span class='ocrx_word' id='word_1_56' title='bbox 1127 960 1350 1029; x_wconf 78' lang='lat' dir='ltr'><strong>communicas</strong></span> 
     </span>
     <span class='ocr_line' id='line_1_7' title="bbox 183 1067 1323 1146; baseline 0.002 -18"><span class='ocrx_word' id='word_1_57' title='bbox 183 1085 312 1146; x_wconf 88' lang='lat' dir='ltr'><strong>curaque</strong></span> <span class='ocrx_word' id='word_1_58' title='bbox 334 1075 368 1128; x_wconf 89' lang='lat' dir='ltr'><strong>ut</strong></span> <span class='ocrx_word' id='word_1_59' title='bbox 389 1067 486 1128; x_wconf 90' lang='lat' dir='ltr'><strong>aditus</strong></span> <span class='ocrx_word' id='word_1_60' title='bbox 508 1067 596 1145; x_wconf 89' lang='lat' dir='ltr'><strong>adte</strong></span> <span class='ocrx_word' id='word_1_61' title='bbox 618 1067 717 1129; x_wconf 90' lang='lat' dir='ltr'><strong>diurni</strong></span> <span class='ocrx_word' id='word_1_62' title='bbox 740 1068 939 1146; x_wconf 85' lang='lat' dir='ltr'><strong>nocturnique</strong></span> <span class='ocrx_word' id='word_1_63' title='bbox 962 1074 1089 1144; x_wconf 89' lang='lat' dir='ltr'><strong>pateant,</strong></span> <span class='ocrx_word' id='word_1_64' title='bbox 1114 1085 1212 1145; x_wconf 89' lang='lat' dir='ltr'><strong>neque</strong></span> <span class='ocrx_word' id='word_1_65' title='bbox 1227 1069 1323 1130; x_wconf 91' lang='lat' dir='ltr'><strong>solum</strong></span> 
     </span>
     <span class='ocr_line' id='line_1_8' title="bbox 182 1176 1325 1257; baseline 0.003 -22"><span class='ocrx_word' id='word_1_66' title='bbox 182 1177 295 1237; x_wconf 90' lang='lat' dir='ltr'><strong>loribus</strong></span> <span class='ocrx_word' id='word_1_67' title='bbox 318 1177 434 1238; x_wconf 85' lang='lat' dir='ltr'><strong>aedium</strong></span> <span class='ocrx_word' id='word_1_68' title='bbox 456 1187 575 1238; x_wconf 87' lang='lat' dir='ltr'><strong>tuarum</strong></span> <span class='ocrx_word' id='word_1_69' title='bbox 597 1187 643 1239; x_wconf 90' lang='grc' dir='ltr'><strong>εει</strong></span> <span class='ocrx_word' id='word_1_70' title='bbox 665 1179 752 1238; x_wconf 89' lang='lat' dir='ltr'><strong>etiam</strong></span> <span class='ocrx_word' id='word_1_71' title='bbox 776 1176 856 1238; x_wconf 92' lang='lat' dir='ltr'><strong>vultu</strong></span> <span class='ocrx_word' id='word_1_72' title='bbox 879 1196 914 1238; x_wconf 90' lang='lat' dir='ltr'><strong>ac</strong></span> <span class='ocrx_word' id='word_1_73' title='bbox 936 1178 1044 1248; x_wconf 89' lang='lat' dir='ltr'><strong>lronte,</strong></span> <span class='ocrx_word' id='word_1_74' title='bbox 1068 1196 1144 1257; x_wconf 90' lang='lat' dir='ltr'><strong>quae</strong></span> <span class='ocrx_word' id='word_1_75' title='bbox 1167 1185 1212 1238; x_wconf 91' lang='grc' dir='ltr'><strong>εει</strong></span> <span class='ocrx_word' id='word_1_76' title='bbox 1233 1181 1325 1239; x_wconf 92' lang='lat' dir='ltr'><strong>animi</strong></span> 
     </span>
     <span class='ocr_line' id='line_1_9' title="bbox 183 1271 1323 1366; baseline 0.003 -20"><span class='ocrx_word' id='word_1_77' title='bbox 183 1271 285 1356; x_wconf 64' lang='lat' dir='ltr'><strong>ianua]</strong></span> <span class='ocrx_word' id='word_1_78' title='bbox 316 1304 392 1363; x_wconf 87' lang='lat' dir='ltr'><strong>qaae</strong></span> <span class='ocrx_word' id='word_1_79' title='bbox 419 1289 447 1348; x_wconf 91' lang='lat' dir='ltr'><strong>si</strong></span> <span class='ocrx_word' id='word_1_80' title='bbox 472 1289 617 1366; x_wconf 83' lang='lat' dir='ltr'><strong>significat</strong></span> <span class='ocrx_word' id='word_1_81' title='bbox 645 1274 825 1349; x_wconf 89' lang='lat' dir='ltr'><strong>voluntatem</strong></span> <span class='ocrx_word' id='word_1_82' title='bbox 853 1287 981 1348; x_wconf 90' lang='lat' dir='ltr'><strong>abditam</strong></span> <span class='ocrx_word' id='word_1_83' title='bbox 1012 1306 1076 1348; x_wconf 88' lang='lat' dir='ltr'><strong>esse</strong></span> <span class='ocrx_word' id='word_1_84' title='bbox 1105 1306 1138 1348; x_wconf 88' lang='lat' dir='ltr'><strong>ac</strong></span> <span class='ocrx_word' id='word_1_85' title='bbox 1165 1297 1323 1359; x_wconf 82' lang='lat' dir='ltr'><strong>retrusam,</strong></span> 
     </span>
     <span class='ocr_line' id='line_1_10' title="bbox 183 1389 1325 1487; baseline 0.002 -31"><span class='ocrx_word' id='word_1_86' title='bbox 183 1397 265 1476; x_wconf 89' lang='lat' dir='ltr'><strong>parvi</strong></span> <span class='ocrx_word' id='word_1_87' title='bbox 293 1397 386 1457; x_wconf 90' lang='lat' dir='ltr'><strong>relert</strong></span> <span class='ocrx_word' id='word_1_88' title='bbox 414 1405 516 1476; x_wconf 89' lang='lat' dir='ltr'><strong>patere</strong></span> <span class='ocrx_word' id='word_1_89' title='bbox 545 1399 661 1458; x_wconf 90' lang='lat' dir='ltr'><strong>ostium.</strong></span> <span class='ocrx_word' id='word_1_90' title='bbox 711 1389 846 1458; x_wconf 88' lang='lat' dir='ltr'><strong>homines</strong></span> <span class='ocrx_word' id='word_1_91' title='bbox 880 1399 957 1458; x_wconf 89' lang='lat' dir='ltr'><strong>enim</strong></span> <span class='ocrx_word' id='word_1_92' title='bbox 987 1416 1047 1457; x_wconf 91' lang='lat' dir='ltr'><strong>non</strong></span> <span class='ocrx_word' id='word_1_93' title='bbox 1076 1397 1163 1487; x_wconf 91' lang='lat' dir='ltr'><strong>modo</strong></span> <span class='ocrx_word' id='word_1_94' title='bbox 1191 1401 1325 1478; x_wconf 85' lang='lat' dir='ltr'><strong>promitti</strong></span> 
     </span>
     <span class='ocr_line' id='line_1_11' title="bbox 183 1505 1363 1589; baseline 0.002 -23"><span class='ocrx_word' id='word_1_95' title='bbox 183 1505 248 1580; x_wconf 86' lang='lat' dir='ltr'><strong>sibi,</strong></span> <span class='ocrx_word' id='word_1_96' title='bbox 270 1509 446 1586; x_wconf 88' lang='lat' dir='ltr'><strong>praesertim</strong></span> <span class='ocrx_word' id='word_1_97' title='bbox 469 1507 547 1587; x_wconf 87' lang='lat' dir='ltr'><strong>quod</strong></span> <span class='ocrx_word' id='word_1_98' title='bbox 576 1527 592 1567; x_wconf 91' lang='lat' dir='ltr'><strong>a</strong></span> <span class='ocrx_word' id='word_1_99' title='bbox 615 1507 772 1570; x_wconf 86' lang='lat' dir='ltr'><strong>candidato</strong></span> <span class='ocrx_word' id='word_1_100' title='bbox 794 1515 909 1588; x_wconf 89' lang='lat' dir='ltr'><strong>petant,</strong></span> <span class='ocrx_word' id='word_1_101' title='bbox 938 1517 983 1568; x_wconf 91' lang='grc' dir='ltr'><strong>εει</strong></span> <span class='ocrx_word' id='word_1_102' title='bbox 1010 1510 1097 1568; x_wconf 89' lang='lat' dir='ltr'><strong>etiam</strong></span> <span class='ocrx_word' id='word_1_103' title='bbox 1127 1507 1207 1587; x_wconf 85' lang='lat' dir='ltr'><strong>large</strong></span> <span class='ocrx_word' id='word_1_104' title='bbox 1236 1518 1363 1589; x_wconf 84' lang='lat' dir='ltr'><strong>atquem</strong></span> 
     </span>
    </p>

    <p class='ocr_par' dir='ltr' id='par_1_4' title="bbox 132 1616 1325 1918">
     <span class='ocr_line' id='line_1_12' title="bbox 132 1616 1324 1699; baseline 0.003 -24"><span class='ocrx_word' id='word_1_105' title='bbox 132 1619 165 1668; x_wconf 88' lang='lat'><strong>45</strong></span> <span class='ocrx_word' id='word_1_106' title='bbox 183 1616 347 1677; x_wconf 89' lang='lat' dir='ltr'><strong>honorilice</strong></span> <span class='ocrx_word' id='word_1_107' title='bbox 368 1619 501 1696; x_wconf 87' lang='lat' dir='ltr'><strong>promitti</strong></span> <span class='ocrx_word' id='word_1_108' title='bbox 524 1616 635 1679; x_wconf 87' lang='lat' dir='ltr'><strong>volunt.</strong></span> <span class='ocrx_word' id='word_1_109' title='bbox 680 1635 737 1696; x_wconf 86' lang='lat' dir='ltr'><strong>qua</strong></span> <span class='ocrx_word' id='word_1_110' title='bbox 758 1636 792 1679; x_wconf 88' lang='lat' dir='ltr'><strong>re</strong></span> <span class='ocrx_word' id='word_1_111' title='bbox 814 1619 872 1679; x_wconf 90' lang='lat' dir='ltr'><strong>hoc</strong></span> <span class='ocrx_word' id='word_1_112' title='bbox 894 1617 1013 1698; x_wconf 89' lang='lat' dir='ltr'><strong>quidem</strong></span> <span class='ocrx_word' id='word_1_113' title='bbox 1029 1618 1116 1679; x_wconf 88' lang='lat' dir='ltr'><strong>lacile</strong></span> <span class='ocrx_word' id='word_1_114' title='bbox 1131 1628 1324 1699; x_wconf 82' lang='lat' dir='ltr'><strong>praeceptum</strong></span> 
     </span>
     <span class='ocr_line' id='line_1_13' title="bbox 183 1712 1325 1807; baseline 0.003 -20"><span class='ocrx_word' id='word_1_115' title='bbox 183 1733 236 1796; x_wconf 88' lang='grc' dir='ltr'><strong>εει,</strong></span> <span class='ocrx_word' id='word_1_116' title='bbox 260 1734 293 1787; x_wconf 92' lang='lat' dir='ltr'><strong>ut</strong></span> <span class='ocrx_word' id='word_1_117' title='bbox 316 1727 395 1807; x_wconf 89' lang='lat' dir='ltr'><strong>quod</strong></span> <span class='ocrx_word' id='word_1_118' title='bbox 417 1729 549 1790; x_wconf 82' lang='lat' dir='ltr'><strong>tacturus</strong></span> <span class='ocrx_word' id='word_1_119' title='bbox 571 1730 621 1799; x_wconf 89' lang='lat' dir='ltr'><strong>sis,</strong></span> <span class='ocrx_word' id='word_1_120' title='bbox 644 1728 674 1788; x_wconf 94' lang='lat' dir='ltr'><strong>id</strong></span> <span class='ocrx_word' id='word_1_121' title='bbox 698 1729 844 1806; x_wconf 83' lang='lat' dir='ltr'><strong>significes</strong></span> <span class='ocrx_word' id='word_1_122' title='bbox 868 1735 896 1788; x_wconf 89' lang='lat' dir='ltr'><strong>te</strong></span> <span class='ocrx_word' id='word_1_123' title='bbox 912 1727 1044 1789; x_wconf 90' lang='lat' dir='ltr'><strong>studiose</strong></span> <span class='ocrx_word' id='word_1_124' title='bbox 1066 1712 1243 1789; x_wconf 45' lang='lat' dir='ltr'><strong>ac‘libenter</strong></span> <span class='ocrx_word' id='word_1_125' title='bbox 1259 1728 1325 1790; x_wconf 89' lang='lat' dir='ltr'><strong>esse</strong></span> 
     </span>
     <span class='ocr_line' id='line_1_14' title="bbox 183 1836 1324 1918; baseline 0.003 -22"><span class='ocrx_word' id='word_1_126' title='bbox 183 1837 348 1906; x_wconf 83' lang='lat' dir='ltr'><strong>facturum;</strong></span> <span class='ocrx_word' id='word_1_127' title='bbox 376 1836 448 1898; x_wconf 92' lang='lat' dir='ltr'><strong>illud</strong></span> <span class='ocrx_word' id='word_1_128' title='bbox 471 1837 618 1898; x_wconf 85' lang='lat' dir='ltr'><strong>difficilius</strong></span> <span class='ocrx_word' id='word_1_129' title='bbox 647 1845 676 1898; x_wconf 91' lang='lat' dir='ltr'><strong>et</strong></span> <span class='ocrx_word' id='word_1_130' title='bbox 698 1840 792 1916; x_wconf 83' lang='lat' dir='ltr'><strong>magis</strong></span> <span class='ocrx_word' id='word_1_131' title='bbox 821 1838 856 1900; x_wconf 94' lang='lat' dir='ltr'><strong>ad</strong></span> <span class='ocrx_word' id='word_1_132' title='bbox 879 1847 997 1918; x_wconf 89' lang='lat' dir='ltr'><strong>tempus</strong></span> <span class='ocrx_word' id='word_1_133' title='bbox 1020 1857 1108 1918; x_wconf 91' lang='lat' dir='ltr'><strong>quam</strong></span> <span class='ocrx_word' id='word_1_134' title='bbox 1131 1838 1166 1899; x_wconf 91' lang='lat' dir='ltr'><strong>ad</strong></span> <span class='ocrx_word' id='word_1_135' title='bbox 1190 1847 1324 1900; x_wconf 90' lang='lat' dir='ltr'><strong>naturam</strong></span> 
     </span>
    </p>
   </div>
   <div class='ocr_carea' id='block_1_3' title="bbox 183 2038 1327 2294">
    <p class='ocr_par' dir='ltr' id='par_1_5' title="bbox 183 2038 1327 2294">
     <span class='ocr_line' id='line_1_15' title="bbox 253 2038 1327 2106; baseline 0.003 -17"><span class='ocrx_word' id='word_1_136' title='bbox 253 2042 266 2088; x_wconf 96' lang='grc'><em>1</em></span> <span class='ocrx_word' id='word_1_137' title='bbox 289 2044 317 2089; x_wconf 87' lang='grc' dir='ltr'><strong>ει</strong></span> <span class='ocrx_word' id='word_1_138' title='bbox 339 2041 432 2090; x_wconf 81' lang='lat' dir='ltr'><strong>deleuit</strong></span> <span class='ocrx_word' id='word_1_139' title='bbox 453 2040 576 2090; x_wconf 84' lang='lat' dir='ltr'><strong>Baiteras</strong></span> <span class='ocrx_word' id='word_1_140' title='bbox 603 2038 608 2104; x_wconf 99' lang='grc' dir='ltr'>Ι</span> <span class='ocrx_word' id='word_1_141' title='bbox 635 2041 781 2104; x_wconf 78' lang='lat' dir='ltr'><strong>3fartasse</strong></span> <span class='ocrx_word' id='word_1_142' title='bbox 804 2045 896 2090; x_wconf 86' lang='lat' dir='ltr'><strong>tamen</strong></span> <span class='ocrx_word' id='word_1_143' title='bbox 920 2041 943 2090; x_wconf 86' lang='lat' dir='ltr'><strong>si</strong></span> <span class='ocrx_word' id='word_1_144' title='bbox 962 2041 996 2090; x_wconf 83' lang='lat' dir='ltr'><strong>ab</strong></span> <span class='ocrx_word' id='word_1_145' title='bbox 1024 2040 1028 2106; x_wconf 92' lang='grc' dir='ltr'>Ι</span> <span class='ocrx_word' id='word_1_146' title='bbox 1055 2057 1105 2106; x_wconf 81' lang='lat' dir='ltr'><strong>gra</strong></span> <span class='ocrx_word' id='word_1_147' title='bbox 1123 2058 1154 2091; x_wconf 89' lang='lat' dir='ltr'><strong>ea</strong></span> <span class='ocrx_word' id='word_1_148' title='bbox 1170 2044 1327 2106; x_wconf 84' lang='lat' dir='ltr'><strong>superducta</strong></span> 
     </span>
     <span class='ocr_line' id='line_1_16' title="bbox 183 2105 1326 2174; baseline 0.002 -17"><span class='ocrx_word' id='word_1_149' title='bbox 183 2109 251 2158; x_wconf 84' lang='lat' dir='ltr'><strong>tinea</strong></span> <span class='ocrx_word' id='word_1_150' title='bbox 268 2124 319 2172; x_wconf 88' lang='lat' dir='ltr'><strong>qna</strong></span> <span class='ocrx_word' id='word_1_151' title='bbox 337 2109 429 2172; x_wconf 82' lang='lat' dir='ltr'><strong>gratia</strong></span> <span class='ocrx_word' id='word_1_152' title='bbox 445 2105 603 2172; x_wconf 77' lang='lat' dir='ltr'><strong>sipnifieatar</strong></span> <span class='ocrx_word' id='word_1_153' title='bbox 618 2107 622 2172; x_wconf 98' lang='grc' dir='ltr'>Ι</span> <span class='ocrx_word' id='word_1_154' title='bbox 637 2111 654 2158; x_wconf 87' lang='grc'>4</span> <span class='ocrx_word' id='word_1_155' title='bbox 672 2108 718 2159; x_wconf 85' lang='lat' dir='ltr'><strong>fac</strong></span> <span class='ocrx_word' id='word_1_156' title='bbox 736 2113 767 2158; x_wconf 89' lang='lat' dir='ltr'><strong>ut</strong></span> <span class='ocrx_word' id='word_1_157' title='bbox 780 2113 808 2158; x_wconf 87' lang='lat' dir='ltr'><strong>et</strong></span> <span class='ocrx_word' id='word_1_158' title='bbox 821 2108 928 2159; x_wconf 85' lang='lat' dir='ltr'><strong>Oretiins</strong></span> <span class='ocrx_word' id='word_1_159' title='bbox 940 2111 1015 2159; x_wconf 87' lang='lat' dir='ltr'><strong>olim:</strong></span> <span class='ocrx_word' id='word_1_160' title='bbox 1033 2109 1127 2159; x_wconf 83' lang='lat' dir='ltr'><strong>facete</strong></span> <span class='ocrx_word' id='word_1_161' title='bbox 1142 2106 1147 2174; x_wconf 92' lang='grc' dir='ltr'>Ι</span> <span class='ocrx_word' id='word_1_162' title='bbox 1162 2113 1178 2161; x_wconf 88' lang='grc'><strong>6</strong></span> <span class='ocrx_word' id='word_1_163' title='bbox 1196 2109 1326 2159; x_wconf 80' lang='lat' dir='ltr'><strong>diuturne</strong></span> 
     </span>
     <span class='ocr_line' id='line_1_17' title="bbox 183 2173 1324 2243; baseline 0.003 -18"><span class='ocrx_word' id='word_1_164' title='bbox 183 2180 343 2239; x_wconf 83' lang='lat' dir='ltr'><strong>nocturneq.</strong></span> <span class='ocrx_word' id='word_1_165' title='bbox 370 2177 375 2238; x_wconf 91' lang='grc' dir='ltr'>Ι</span> <span class='ocrx_word' id='word_1_166' title='bbox 400 2177 458 2227; x_wconf 89' lang='lat' dir='ltr'><strong>8si</strong></span> <span class='ocrx_word' id='word_1_167' title='bbox 476 2178 591 2226; x_wconf 65' lang='lat' dir='ltr'><strong>amasam</strong></span> <span class='ocrx_word' id='word_1_168' title='bbox 617 2176 621 2239; x_wconf 91' lang='grc' dir='ltr'>Ι</span> <span class='ocrx_word' id='word_1_169' title='bbox 649 2176 770 2226; x_wconf 81' lang='lat' dir='ltr'><strong>additam</strong></span> <span class='ocrx_word' id='word_1_170' title='bbox 797 2173 801 2241; x_wconf 96' lang='grc' dir='ltr'>Ι</span> <span class='ocrx_word' id='word_1_171' title='bbox 829 2179 861 2227; x_wconf 87' lang='grc'><strong>10</strong></span> <span class='ocrx_word' id='word_1_172' title='bbox 879 2177 950 2239; x_wconf 88' lang='lat' dir='ltr'><strong>quod</strong></span> <span class='ocrx_word' id='word_1_173' title='bbox 967 2173 1196 2243; x_wconf 77' lang='lat' dir='ltr'><strong>equandddetol</strong></span> <span class='ocrx_word' id='word_1_174' title='bbox 1217 2176 1324 2243; x_wconf 80' lang='lat' dir='ltr'><strong>longel</strong></span> 
     </span>
     <span class='ocr_line' id='line_1_18' title="bbox 184 2243 653 2294; baseline 0 -2"><span class='ocrx_word' id='word_1_175' title='bbox 184 2245 215 2292; x_wconf 81' lang='grc'><em>12</em></span> <span class='ocrx_word' id='word_1_176' title='bbox 235 2243 360 2293; x_wconf 82' lang='lat' dir='ltr'><strong>facturus</strong></span> <span class='ocrx_word' id='word_1_177' title='bbox 384 2243 523 2294; x_wconf 80' lang='lat' dir='ltr'><strong>Baiterns:</strong></span> <span class='ocrx_word' id='word_1_178' title='bbox 543 2248 653 2294; x_wconf 85' lang='lat' dir='ltr'><strong>aeturus</strong></span> 
     </span>
    </p>
   </div>
   <div class='ocr_carea' id='block_1_4' title="bbox 251 2428 1324 2494">
    <p class='ocr_par' dir='ltr' id='par_1_6' title="bbox 251 2428 1324 2494">
     <span class='ocr_line' id='line_1_19' title="bbox 251 2428 1324 2494; baseline 0.003 -16"><span class='ocrx_word' id='word_1_179' title='bbox 251 2431 265 2478; x_wconf 93' lang='lat'>1</span> <span class='ocrx_word' id='word_1_180' title='bbox 285 2432 313 2478; x_wconf 87' lang='lat' dir='ltr'><strong>et</strong></span> <span class='ocrx_word' id='word_1_181' title='bbox 332 2433 374 2479; x_wconf 85' lang='lat' dir='ltr'><strong>est</strong></span> <span class='ocrx_word' id='word_1_182' title='bbox 391 2430 415 2478; x_wconf 86' lang='lat' dir='ltr'><em>L</em></span> <span class='ocrx_word' id='word_1_183' title='bbox 433 2428 506 2492; x_wconf 87' lang='lat' dir='ltr'><strong>(esse</strong></span> <span class='ocrx_word' id='word_1_184' title='bbox 523 2446 573 2493; x_wconf 90' lang='lat' dir='ltr'><strong>pro</strong></span> <span class='ocrx_word' id='word_1_185' title='bbox 592 2434 620 2478; x_wconf 88' lang='grc' dir='ltr'><strong>ει</strong></span> <span class='ocrx_word' id='word_1_186' title='bbox 639 2433 647 2480; x_wconf 85' lang='grc' dir='ltr'><strong>ι</strong></span> <span class='ocrx_word' id='word_1_187' title='bbox 665 2432 728 2490; x_wconf 74' lang='grc' dir='ltr'><strong>38)ε</strong></span> <span class='ocrx_word' id='word_1_188' title='bbox 748 2445 782 2480; x_wconf 78' lang='lat' dir='ltr'><strong>en</strong></span> <span class='ocrx_word' id='word_1_189' title='bbox 801 2434 843 2480; x_wconf 88' lang='lat' dir='ltr'><strong>est</strong></span> <span class='ocrx_word' id='word_1_190' title='bbox 858 2432 991 2480; x_wconf 78' lang='lat' dir='ltr'><strong>Palernras</strong></span> <span class='ocrx_word' id='word_1_191' title='bbox 1010 2434 1014 2494; x_wconf 89' lang='grc' dir='ltr'>Ι</span> <span class='ocrx_word' id='word_1_192' title='bbox 1035 2433 1050 2481; x_wconf 89' lang='grc'><strong>3</strong></span> <span class='ocrx_word' id='word_1_193' title='bbox 1068 2430 1197 2481; x_wconf 85' lang='lat' dir='ltr'><strong>laudatur</strong></span> <span class='ocrx_word' id='word_1_194' title='bbox 1214 2438 1242 2482; x_wconf 84' lang='lat' dir='ltr'><strong>et</strong></span> <span class='ocrx_word' id='word_1_195' title='bbox 1259 2432 1324 2481; x_wconf 88' lang='lat' dir='ltr'><strong>mul·</strong></span> 
     </span>
    </p>
   </div>
   <div class='ocr_carea' id='block_1_5' title="bbox 180 2496 1342 3105">
    <p class='ocr_par' dir='ltr' id='par_1_7' title="bbox 180 2496 1342 3105">
     <span class='ocr_line' id='line_1_20' title="bbox 183 2496 1327 2562; baseline 0.003 -16"><span class='ocrx_word' id='word_1_196' title='bbox 183 2496 425 2548; x_wconf 75' lang='lat' dir='ltr'><strong>titudinitlrsa</strong></span> <span class='ocrx_word' id='word_1_197' title='bbox 444 2500 494 2546; x_wconf 88' lang='grc'><strong>122</strong></span> <span class='ocrx_word' id='word_1_198' title='bbox 514 2500 565 2546; x_wconf 91' lang='grc'><strong>124</strong></span> <span class='ocrx_word' id='word_1_199' title='bbox 584 2501 634 2546; x_wconf 87' lang='grc'><strong>120</strong></span> <span class='ocrx_word' id='word_1_200' title='bbox 660 2496 665 2562; x_wconf 95' lang='grc' dir='ltr'>Ι</span> <span class='ocrx_word' id='word_1_201' title='bbox 687 2498 808 2548; x_wconf 70' lang='lat' dir='ltr'><strong>asscito</strong></span> <span class='ocrx_word' id='word_1_202' title='bbox 832 2503 860 2548; x_wconf 89' lang='lat' dir='ltr'><strong>et</strong></span> <span class='ocrx_word' id='word_1_203' title='bbox 882 2499 932 2548; x_wconf 84' lang='lat' dir='ltr'><strong>abs</strong></span> <span class='ocrx_word' id='word_1_204' title='bbox 951 2503 978 2546; x_wconf 89' lang='grc' dir='ltr'><strong>ιε</strong></span> <span class='ocrx_word' id='word_1_205' title='bbox 998 2504 1026 2549; x_wconf 87' lang='grc' dir='ltr'><strong>ει</strong></span> <span class='ocrx_word' id='word_1_206' title='bbox 1044 2499 1079 2548; x_wconf 84' lang='lat' dir='ltr'><strong>ab</strong></span> <span class='ocrx_word' id='word_1_207' title='bbox 1098 2499 1196 2549; x_wconf 86' lang='lat' dir='ltr'><strong>amicis</strong></span> <span class='ocrx_word' id='word_1_208' title='bbox 1214 2503 1223 2549; x_wconf 90' lang='lat' dir='ltr'><strong>l</strong></span> <span class='ocrx_word' id='word_1_209' title='bbox 1240 2503 1273 2550; x_wconf 84' lang='lat'><strong>50</strong></span> <span class='ocrx_word' id='word_1_210' title='bbox 1291 2516 1327 2550; x_wconf 77' lang='lat' dir='ltr'><strong>ea</strong></span> 
     </span>
     <span class='ocr_line' id='line_1_21' title="bbox 183 2564 1326 2618; baseline 0.003 -4"><span class='ocrx_word' id='word_1_211' title='bbox 183 2564 279 2616; x_wconf 85' lang='lat' dir='ltr'><strong>dandas</strong></span> <span class='ocrx_word' id='word_1_212' title='bbox 297 2565 424 2614; x_wconf 83' lang='lat' dir='ltr'><strong>ueteribus</strong></span> <span class='ocrx_word' id='word_1_213' title='bbox 442 2565 559 2615; x_wconf 84' lang='lat' dir='ltr'><strong>Lambini</strong></span> <span class='ocrx_word' id='word_1_214' title='bbox 581 2565 674 2615; x_wconf 86' lang='lat' dir='ltr'><strong>facete</strong></span> <span class='ocrx_word' id='word_1_215' title='bbox 699 2567 749 2616; x_wconf 86' lang='lat' dir='ltr'><strong>ebs</strong></span> <span class='ocrx_word' id='word_1_216' title='bbox 771 2570 798 2616; x_wconf 86' lang='lat' dir='ltr'><strong>te</strong></span> <span class='ocrx_word' id='word_1_217' title='bbox 823 2570 850 2616; x_wconf 83' lang='lat' dir='ltr'><strong>et</strong></span> <span class='ocrx_word' id='word_1_218' title='bbox 871 2566 969 2616; x_wconf 77' lang='lat' dir='ltr'><strong>amicis</strong></span> <span class='ocrx_word' id='word_1_219' title='bbox 986 2567 996 2614; x_wconf 85' lang='lat' dir='ltr'><strong>l</strong></span> <span class='ocrx_word' id='word_1_220' title='bbox 1014 2568 1048 2616; x_wconf 88' lang='grc'><strong>47</strong></span> <span class='ocrx_word' id='word_1_221' title='bbox 1066 2569 1186 2617; x_wconf 85' lang='grc'><em>122124</em></span> <span class='ocrx_word' id='word_1_222' title='bbox 1205 2570 1255 2617; x_wconf 87' lang='grc'><strong>120</strong></span> <span class='ocrx_word' id='word_1_223' title='bbox 1273 2569 1326 2618; x_wconf 89' lang='lat' dir='ltr'><strong>Da-</strong></span> 
     </span>
     <span class='ocr_line' id='line_1_22' title="bbox 183 2632 1326 2699; baseline 0.004 -19"><span class='ocrx_word' id='word_1_224' title='bbox 183 2634 289 2682; x_wconf 80' lang='lat' dir='ltr'><strong>nielt&#39;nas</strong></span> <span class='ocrx_word' id='word_1_225' title='bbox 307 2632 403 2682; x_wconf 82' lang='lat' dir='ltr'><strong>fecere</strong></span> <span class='ocrx_word' id='word_1_226' title='bbox 422 2633 472 2683; x_wconf 87' lang='lat' dir='ltr'><strong>abs</strong></span> <span class='ocrx_word' id='word_1_227' title='bbox 490 2636 517 2682; x_wconf 88' lang='grc' dir='ltr'><strong>ιε</strong></span> <span class='ocrx_word' id='word_1_228' title='bbox 537 2637 646 2698; x_wconf 85' lang='lat' dir='ltr'><strong>oportet</strong></span> <span class='ocrx_word' id='word_1_229' title='bbox 665 2638 693 2683; x_wconf 88' lang='grc' dir='ltr'><strong>ει</strong></span> <span class='ocrx_word' id='word_1_230' title='bbox 711 2633 808 2683; x_wconf 85' lang='lat' dir='ltr'><strong>amicis</strong></span> <span class='ocrx_word' id='word_1_231' title='bbox 826 2634 996 2684; x_wconf 78' lang='grc' dir='ltr'><strong>ι381ιιεειε</strong></span> <span class='ocrx_word' id='word_1_232' title='bbox 1014 2639 1042 2684; x_wconf 87' lang='lat' dir='ltr'><strong>tc</strong></span> <span class='ocrx_word' id='word_1_233' title='bbox 1056 2639 1165 2699; x_wconf 85' lang='lat' dir='ltr'><strong>oportet</strong></span> <span class='ocrx_word' id='word_1_234' title='bbox 1182 2641 1210 2685; x_wconf 88' lang='lat' dir='ltr'><strong>et</strong></span> <span class='ocrx_word' id='word_1_235' title='bbox 1229 2637 1326 2685; x_wconf 78' lang='lat' dir='ltr'><strong>amicis</strong></span> 
     </span>
     <span class='ocr_line' id='line_1_23' title="bbox 183 2699 1327 2767; baseline 0.001 -17"><span class='ocrx_word' id='word_1_236' title='bbox 183 2701 603 2751; x_wconf 71' lang='grc' dir='ltr'><strong>ι3304840117127ι1ιιε</strong></span> <span class='ocrx_word' id='word_1_237' title='bbox 624 2706 651 2751; x_wconf 88' lang='grc' dir='ltr'><strong>ει</strong></span> <span class='ocrx_word' id='word_1_238' title='bbox 670 2701 719 2751; x_wconf 85' lang='lat' dir='ltr'><strong>abs</strong></span> <span class='ocrx_word' id='word_1_239' title='bbox 742 2705 770 2750; x_wconf 83' lang='grc' dir='ltr'><strong>ιε</strong></span> <span class='ocrx_word' id='word_1_240' title='bbox 788 2703 873 2752; x_wconf 80' lang='lat' dir='ltr'><strong>codena</strong></span> <span class='ocrx_word' id='word_1_241' title='bbox 893 2701 1004 2752; x_wconf 81' lang='lat' dir='ltr'><strong>Tarnedi</strong></span> <span class='ocrx_word' id='word_1_242' title='bbox 1029 2699 1033 2764; x_wconf 96' lang='grc' dir='ltr'>Ι</span> <span class='ocrx_word' id='word_1_243' title='bbox 1060 2703 1160 2752; x_wconf 78' lang='lat' dir='ltr'><strong>ficara</strong></span> <span class='ocrx_word' id='word_1_244' title='bbox 1178 2704 1201 2752; x_wconf 84' lang='lat' dir='ltr'><em>L</em></span> <span class='ocrx_word' id='word_1_245' title='bbox 1218 2710 1327 2767; x_wconf 84' lang='lat' dir='ltr'><strong>praeter</strong></span> 
     </span>
     <span class='ocr_line' id='line_1_24' title="bbox 184 2766 1326 2835; baseline 0.003 -17"><span class='ocrx_word' id='word_1_246' title='bbox 184 2771 282 2818; x_wconf 85' lang='grc'><strong>50120</strong></span> <span class='ocrx_word' id='word_1_247' title='bbox 297 2766 301 2831; x_wconf 92' lang='grc' dir='ltr'>Ι</span> <span class='ocrx_word' id='word_1_248' title='bbox 317 2768 438 2818; x_wconf 86' lang='lat' dir='ltr'><strong>diuturni</strong></span> <span class='ocrx_word' id='word_1_249' title='bbox 457 2771 466 2818; x_wconf 90' lang='lat' dir='ltr'><strong>l</strong></span> <span class='ocrx_word' id='word_1_250' title='bbox 484 2772 518 2818; x_wconf 89' lang='grc'><strong>38</strong></span> <span class='ocrx_word' id='word_1_251' title='bbox 533 2767 537 2833; x_wconf 92' lang='grc' dir='ltr'>Ι</span> <span class='ocrx_word' id='word_1_252' title='bbox 562 2773 645 2832; x_wconf 84' lang='lat' dir='ltr'><strong>atque</strong></span> <span class='ocrx_word' id='word_1_253' title='bbox 664 2771 789 2819; x_wconf 81' lang='lat' dir='ltr'><strong>nocturni</strong></span> <span class='ocrx_word' id='word_1_254' title='bbox 808 2769 865 2818; x_wconf 84' lang='lat' dir='ltr'><strong>LT.</strong></span> <span class='ocrx_word' id='word_1_255' title='bbox 882 2771 997 2832; x_wconf 78' lang='lat' dir='ltr'><strong>fortasse</strong></span> <span class='ocrx_word' id='word_1_256' title='bbox 1011 2769 1115 2830; x_wconf 82' lang='lat' dir='ltr'><strong>Quintus</strong></span> <span class='ocrx_word' id='word_1_257' title='bbox 1128 2770 1174 2820; x_wconf 92' lang='lat' dir='ltr'><strong>diu</strong></span> <span class='ocrx_word' id='word_1_258' title='bbox 1187 2777 1326 2835; x_wconf 88' lang='lat' dir='ltr'><strong>noctuque</strong></span> 
     </span>
     <span class='ocr_line' id='line_1_25' title="bbox 183 2835 1325 2903; baseline 0.002 -17"><span class='ocrx_word' id='word_1_259' title='bbox 183 2838 326 2900; x_wconf 74' lang='lat' dir='ltr'><strong>scripserat</strong></span> <span class='ocrx_word' id='word_1_260' title='bbox 342 2836 346 2900; x_wconf 93' lang='grc' dir='ltr'>Ι</span> <span class='ocrx_word' id='word_1_261' title='bbox 362 2838 376 2886; x_wconf 79' lang='lat' dir='ltr'><strong>‘l</strong></span> <span class='ocrx_word' id='word_1_262' title='bbox 395 2836 502 2887; x_wconf 85' lang='lat' dir='ltr'><strong>foribus</strong></span> <span class='ocrx_word' id='word_1_263' title='bbox 520 2835 608 2886; x_wconf 82' lang='lat' dir='ltr'><strong>solum</strong></span> <span class='ocrx_word' id='word_1_264' title='bbox 626 2837 650 2886; x_wconf 85' lang='lat' dir='ltr'><em>L</em></span> <span class='ocrx_word' id='word_1_265' title='bbox 667 2845 775 2900; x_wconf 86' lang='lat' dir='ltr'><strong>praeter</strong></span> <span class='ocrx_word' id='word_1_266' title='bbox 794 2840 829 2887; x_wconf 91' lang='grc'><strong>38</strong></span> <span class='ocrx_word' id='word_1_267' title='bbox 846 2840 895 2887; x_wconf 86' lang='grc'><strong>117</strong></span> <span class='ocrx_word' id='word_1_268' title='bbox 913 2837 1007 2901; x_wconf 73' lang='lat' dir='ltr'><strong>{uultu</strong></span> <span class='ocrx_word' id='word_1_269' title='bbox 1021 2842 1048 2886; x_wconf 88' lang='lat' dir='ltr'><strong>et</strong></span> <span class='ocrx_word' id='word_1_270' title='bbox 1059 2837 1148 2888; x_wconf 86' lang='lat' dir='ltr'><strong>fronte</strong></span> <span class='ocrx_word' id='word_1_271' title='bbox 1161 2839 1184 2886; x_wconf 90' lang='lat' dir='ltr'><em>L</em></span> <span class='ocrx_word' id='word_1_272' title='bbox 1201 2836 1205 2901; x_wconf 98' lang='grc' dir='ltr'>Ι</span> <span class='ocrx_word' id='word_1_273' title='bbox 1220 2841 1236 2889; x_wconf 89' lang='grc'><em>8</em></span> <span class='ocrx_word' id='word_1_274' title='bbox 1255 2854 1325 2903; x_wconf 86' lang='lat' dir='ltr'><strong>qnae</strong></span> 
     </span>
     <span class='ocr_line' id='line_1_26' title="bbox 184 2902 1342 2970; baseline 0.001 -17"><span class='ocrx_word' id='word_1_275' title='bbox 184 2905 208 2953; x_wconf 86' lang='grc' dir='ltr'><strong>εἰ</strong></span> <span class='ocrx_word' id='word_1_276' title='bbox 227 2903 387 2968; x_wconf 84' lang='lat' dir='ltr'><strong>significant</strong></span> <span class='ocrx_word' id='word_1_277' title='bbox 407 2906 428 2954; x_wconf 83' lang='lat' dir='ltr'><em>L</em></span> <span class='ocrx_word' id='word_1_278' title='bbox 446 2907 497 2955; x_wconf 73' lang='lat' dir='ltr'><strong>nisi</strong></span> <span class='ocrx_word' id='word_1_279' title='bbox 507 2907 576 2970; x_wconf 85' lang='lat' dir='ltr'><strong>quad</strong></span> <span class='ocrx_word' id='word_1_280' title='bbox 592 2904 734 2969; x_wconf 84' lang='lat' dir='ltr'><strong>significat</strong></span> <span class='ocrx_word' id='word_1_281' title='bbox 752 2907 785 2956; x_wconf 88' lang='grc'><strong>48</strong></span> <span class='ocrx_word' id='word_1_282' title='bbox 803 2907 836 2954; x_wconf 82' lang='grc'><strong>43</strong></span> <span class='ocrx_word' id='word_1_283' title='bbox 853 2905 945 2954; x_wconf 82' lang='lat' dir='ltr'><strong>liabent</strong></span> <span class='ocrx_word' id='word_1_284' title='bbox 960 2902 964 2969; x_wconf 96' lang='grc' dir='ltr'>Ι</span> <span class='ocrx_word' id='word_1_285' title='bbox 981 2907 1012 2954; x_wconf 88' lang='grc'><strong>10</strong></span> <span class='ocrx_word' id='word_1_286' title='bbox 1031 2904 1128 2970; x_wconf 88' lang='lat' dir='ltr'><strong>quedl</strong></span> <span class='ocrx_word' id='word_1_287' title='bbox 1147 2909 1164 2956; x_wconf 94' lang='grc'><em>3</em></span> <span class='ocrx_word' id='word_1_288' title='bbox 1183 2908 1218 2956; x_wconf 86' lang='grc'><strong>30</strong></span> <span class='ocrx_word' id='word_1_289' title='bbox 1226 2923 1236 2955; x_wconf 93' lang='grc'><strong>.·</strong></span> <span class='ocrx_word' id='word_1_290' title='bbox 1255 2922 1342 2970; x_wconf 80' lang='lat' dir='ltr'><strong>quae</strong></span> 
     </span>
     <span class='ocr_line' id='line_1_27' title="bbox 184 2968 1327 3038; baseline 0.003 -18"><span class='ocrx_word' id='word_1_291' title='bbox 184 2975 291 3021; x_wconf 83' lang='lat' dir='ltr'><strong>laeteri</strong></span> <span class='ocrx_word' id='word_1_292' title='bbox 308 2971 313 3036; x_wconf 88' lang='grc' dir='ltr'>Ι</span> <span class='ocrx_word' id='word_1_293' title='bbox 333 2971 367 3021; x_wconf 89' lang='lat' dir='ltr'><strong>de</strong></span> <span class='ocrx_word' id='word_1_294' title='bbox 386 2972 534 3022; x_wconf 85' lang='lat' dir='ltr'><strong>candidato</strong></span> <span class='ocrx_word' id='word_1_295' title='bbox 552 2971 669 3022; x_wconf 82' lang='lat' dir='ltr'><strong>Klotzius</strong></span> <span class='ocrx_word' id='word_1_296' title='bbox 686 2975 743 3024; x_wconf 87' lang='lat' dir='ltr'><strong>call.</strong></span> <span class='ocrx_word' id='word_1_297' title='bbox 765 2973 891 3022; x_wconf 87' lang='lat' dir='ltr'><strong>Verrinae</strong></span> <span class='ocrx_word' id='word_1_298' title='bbox 908 2973 942 3022; x_wconf 92' lang='lat' dir='ltr'><strong>II</strong></span> <span class='ocrx_word' id='word_1_299' title='bbox 959 2968 980 3038; x_wconf 63' lang='grc' dir='ltr'><em>ἕ</em></span> <span class='ocrx_word' id='word_1_300' title='bbox 997 2976 1030 3022; x_wconf 88' lang='grc'><strong>59</strong></span> <span class='ocrx_word' id='word_1_301' title='bbox 1055 2971 1059 3037; x_wconf 95' lang='grc' dir='ltr'>Ι</span> <span class='ocrx_word' id='word_1_302' title='bbox 1086 2988 1119 3022; x_wconf 85' lang='lat' dir='ltr'><strong>ec</strong></span> <span class='ocrx_word' id='word_1_303' title='bbox 1137 2973 1284 3024; x_wconf 88' lang='lat' dir='ltr'><strong>honorifice</strong></span> <span class='ocrx_word' id='word_1_304' title='bbox 1303 2973 1327 3022; x_wconf 81' lang='lat' dir='ltr'><em>L</em></span> 
     </span>
     <span class='ocr_line' id='line_1_28' title="bbox 180 3037 1184 3105; baseline 0.002 -17"><span class='ocrx_word' id='word_1_305' title='bbox 180 3047 289 3103; x_wconf 87' lang='lat' dir='ltr'><strong>praeter</strong></span> <span class='ocrx_word' id='word_1_306' title='bbox 308 3043 343 3090; x_wconf 90' lang='grc'><strong>38</strong></span> <span class='ocrx_word' id='word_1_307' title='bbox 360 3042 393 3088; x_wconf 92' lang='grc'><strong>50</strong></span> <span class='ocrx_word' id='word_1_308' title='bbox 419 3037 423 3104; x_wconf 92' lang='grc' dir='ltr'>Ι</span> <span class='ocrx_word' id='word_1_309' title='bbox 451 3042 481 3090; x_wconf 93' lang='grc'><strong>11</strong></span> <span class='ocrx_word' id='word_1_310' title='bbox 500 3045 678 3105; x_wconf 85' lang='lat' dir='ltr'><strong>praeceptum</strong></span> <span class='ocrx_word' id='word_1_311' title='bbox 703 3044 745 3089; x_wconf 89' lang='grc' dir='ltr'><strong>εει</strong></span> <span class='ocrx_word' id='word_1_312' title='bbox 766 3039 852 3090; x_wconf 83' lang='lat' dir='ltr'><strong>facile</strong></span> <span class='ocrx_word' id='word_1_313' title='bbox 875 3046 905 3088; x_wconf 90' lang='lat' dir='ltr'><strong>ut</strong></span> <span class='ocrx_word' id='word_1_314' title='bbox 928 3040 992 3104; x_wconf 90' lang='lat' dir='ltr'><strong>quid</strong></span> <span class='ocrx_word' id='word_1_315' title='bbox 1010 3043 1133 3091; x_wconf 86' lang='lat' dir='ltr'><strong>iacturas</strong></span> <span class='ocrx_word' id='word_1_316' title='bbox 1155 3042 1184 3090; x_wconf 69' lang='lat' dir='ltr'><strong>Vv</strong></span> 
     </span>
    </p>
   </div>
   <div class='ocr_carea' id='block_1_6' title="bbox 93 3233 1362 4452">
    <p class='ocr_par' dir='ltr' id='par_1_8' title="bbox 93 3233 1362 4452">
     <span class='ocr_line' id='line_1_29' title="bbox 231 3233 1325 3301; baseline 0.005 -18"><span class='ocrx_word' id='word_1_317' title='bbox 231 3238 245 3283; x_wconf 88' lang='lat'><strong><em>2</em></strong></span> <span class='ocrx_word' id='word_1_318' title='bbox 268 3248 340 3301; x_wconf 85' lang='lat' dir='ltr'><strong>quae</strong></span> <span class='ocrx_word' id='word_1_319' title='bbox 356 3237 383 3286; x_wconf 86' lang='grc' dir='ltr'><strong>ει</strong></span> <span class='ocrx_word' id='word_1_320' title='bbox 401 3237 496 3288; x_wconf 85' lang='lat' dir='ltr'><strong>cetera</strong></span> <span class='ocrx_word' id='word_1_321' title='bbox 512 3234 587 3300; x_wconf 79' lang='lat' dir='ltr'><strong>qaod</strong></span> <span class='ocrx_word' id='word_1_322' title='bbox 608 3234 647 3288; x_wconf 92' lang='lat' dir='ltr'><strong>rei</strong></span> <span class='ocrx_word' id='word_1_323' title='bbox 664 3233 741 3288; x_wconf 86' lang='lat' dir='ltr'><strong>lami·</strong></span> <span class='ocrx_word' id='word_1_324' title='bbox 768 3233 882 3290; x_wconf 89' lang='lat' dir='ltr'><strong>brentur</strong></span> <span class='ocrx_word' id='word_1_325' title='bbox 904 3249 967 3289; x_wconf 87' lang='lat' dir='ltr'><strong>esse</strong></span> <span class='ocrx_word' id='word_1_326' title='bbox 988 3235 1168 3301; x_wconf 82' lang='lat' dir='ltr'><strong>probandum</strong></span> <span class='ocrx_word' id='word_1_327' title='bbox 1189 3234 1325 3301; x_wconf 82' lang='lat' dir='ltr'><strong>Tpdemn-</strong></span> 
     </span>
     <span class='ocr_line' id='line_1_30' title="bbox 184 3300 1326 3368; baseline 0.003 -13"><span class='ocrx_word' id='word_1_328' title='bbox 184 3300 245 3356; x_wconf 88' lang='lat' dir='ltr'><strong>llari</strong></span> <span class='ocrx_word' id='word_1_329' title='bbox 262 3301 425 3364; x_wconf 76' lang='lat' dir='ltr'><strong>subiunxit,</strong></span> <span class='ocrx_word' id='word_1_330' title='bbox 447 3307 641 3367; x_wconf 77' lang='lat' dir='ltr'><strong>properanter</strong></span> <span class='ocrx_word' id='word_1_331' title='bbox 660 3301 740 3368; x_wconf 83' lang='lat' dir='ltr'><strong>fecii,</strong></span> <span class='ocrx_word' id='word_1_332' title='bbox 769 3318 824 3357; x_wconf 90' lang='lat' dir='ltr'><strong>nns</strong></span> <span class='ocrx_word' id='word_1_333' title='bbox 836 3317 943 3368; x_wconf 81' lang='lat' dir='ltr'><strong>quaque</strong></span> <span class='ocrx_word' id='word_1_334' title='bbox 960 3303 991 3356; x_wconf 89' lang='lat' dir='ltr'><strong>in</strong></span> <span class='ocrx_word' id='word_1_335' title='bbox 1008 3303 1121 3358; x_wconf 75' lang='lat' dir='ltr'><strong>schedis</strong></span> <span class='ocrx_word' id='word_1_336' title='bbox 1140 3304 1222 3358; x_wconf 84' lang='lat' dir='ltr'><strong>diarii.</strong></span> <span class='ocrx_word' id='word_1_337' title='bbox 1249 3310 1326 3358; x_wconf 87' lang='lat' dir='ltr'><strong>certe</strong></span> 
     </span>
     <span class='ocr_line' id='line_1_31' title="bbox 166 3368 1326 3436; baseline 0 -12"><span class='ocrx_word' id='word_1_338' title='bbox 166 3372 211 3424; x_wconf 50' lang='lat' dir='ltr'><strong>¹si</strong></span> <span class='ocrx_word' id='word_1_339' title='bbox 222 3370 333 3436; x_wconf 79' lang='lat' dir='ltr'><strong>quidem</strong></span> <span class='ocrx_word' id='word_1_340' title='bbox 345 3368 400 3422; x_wconf 77' lang='lat' dir='ltr'><strong>dae</strong></span> <span class='ocrx_word' id='word_1_341' title='bbox 417 3370 593 3434; x_wconf 86' lang='lat' dir='ltr'><strong>appositione</strong></span> <span class='ocrx_word' id='word_1_342' title='bbox 611 3385 668 3423; x_wconf 90' lang='lat' dir='ltr'><strong>non</strong></span> <span class='ocrx_word' id='word_1_343' title='bbox 679 3375 742 3423; x_wconf 81' lang='lat' dir='ltr'><strong>tam</strong></span> <span class='ocrx_word' id='word_1_344' title='bbox 767 3370 878 3436; x_wconf 77' lang='lat' dir='ltr'><strong>quictem</strong></span> <span class='ocrx_word' id='word_1_345' title='bbox 895 3385 1007 3436; x_wconf 80' lang='lat' dir='ltr'><strong>semper</strong></span> <span class='ocrx_word' id='word_1_346' title='bbox 1025 3369 1147 3436; x_wconf 85' lang='lat' dir='ltr'><strong>Quintus</strong></span> <span class='ocrx_word' id='word_1_347' title='bbox 1171 3369 1213 3425; x_wconf 89' lang='lat' dir='ltr'><strong>lae</strong></span> <span class='ocrx_word' id='word_1_348' title='bbox 1234 3378 1265 3425; x_wconf 90' lang='lat' dir='ltr'><strong>ut</strong></span> <span class='ocrx_word' id='word_1_349' title='bbox 1286 3371 1326 3425; x_wconf 87' lang='lat' dir='ltr'><strong>di·</strong></span> 
     </span>
     <span class='ocr_line' id='line_1_32' title="bbox 185 3436 1325 3511; baseline 0.003 -20"><span class='ocrx_word' id='word_1_350' title='bbox 185 3440 248 3504; x_wconf 89' lang='lat' dir='ltr'><strong>ipsa</strong></span> <span class='ocrx_word' id='word_1_351' title='bbox 258 3436 423 3492; x_wconf 83' lang='lat' dir='ltr'><strong>illustratur</strong></span> <span class='ocrx_word' id='word_1_352' title='bbox 432 3451 481 3491; x_wconf 85' lang='lat' dir='ltr'><strong>res</strong></span> <span class='ocrx_word' id='word_1_353' title='bbox 490 3436 646 3503; x_wconf 77' lang='lat' dir='ltr'><strong>familiaris</strong></span> <span class='ocrx_word' id='word_1_354' title='bbox 658 3454 741 3504; x_wconf 77' lang='lat' dir='ltr'><strong>quam</strong></span> <span class='ocrx_word' id='word_1_355' title='bbox 768 3438 901 3506; x_wconf 91' lang='lat' dir='ltr'><strong>scriptum</strong></span> <span class='ocrx_word' id='word_1_356' title='bbox 926 3437 974 3500; x_wconf 91' lang='lat' dir='ltr'><strong>sit,</strong></span> <span class='ocrx_word' id='word_1_357' title='bbox 999 3436 1041 3492; x_wconf 92' lang='lat' dir='ltr'><strong>lac</strong></span> <span class='ocrx_word' id='word_1_358' title='bbox 1063 3446 1094 3493; x_wconf 89' lang='lat' dir='ltr'><strong>ut</strong></span> <span class='ocrx_word' id='word_1_359' title='bbox 1112 3455 1172 3511; x_wconf 81' lang='lat' dir='ltr'><strong>esse</strong></span> <span class='ocrx_word' id='word_1_360' title='bbox 1190 3437 1325 3500; x_wconf 87' lang='lat' dir='ltr'><strong>uideatur,</strong></span> 
     </span>
     <span class='ocr_line' id='line_1_33' title="bbox 185 3504 1327 3572; baseline 0.001 -12"><span class='ocrx_word' id='word_1_361' title='bbox 185 3521 256 3561; x_wconf 87' lang='lat' dir='ltr'><strong>asns</strong></span> <span class='ocrx_word' id='word_1_362' title='bbox 269 3507 332 3560; x_wconf 84' lang='lat' dir='ltr'><strong>eins</strong></span> <span class='ocrx_word' id='word_1_363' title='bbox 344 3510 372 3560; x_wconf 85' lang='lat' dir='ltr'><strong>et</strong></span> <span class='ocrx_word' id='word_1_364' title='bbox 387 3504 500 3571; x_wconf 84' lang='lat' dir='ltr'><strong>larpitia</strong></span> <span class='ocrx_word' id='word_1_365' title='bbox 516 3521 589 3572; x_wconf 78' lang='lat' dir='ltr'><strong>pane</strong></span> <span class='ocrx_word' id='word_1_366' title='bbox 606 3520 645 3559; x_wconf 76' lang='lat' dir='ltr'><strong>ecc</strong></span> <span class='ocrx_word' id='word_1_367' title='bbox 657 3520 691 3560; x_wconf 87' lang='lat' dir='ltr'><strong>ea</strong></span> <span class='ocrx_word' id='word_1_368' title='bbox 701 3506 741 3572; x_wconf 81' lang='lat' dir='ltr'><strong>fit.</strong></span> <span class='ocrx_word' id='word_1_369' title='bbox 768 3504 858 3560; x_wconf 82' lang='lat' dir='ltr'><strong>locut</strong></span> <span class='ocrx_word' id='word_1_370' title='bbox 876 3504 990 3564; x_wconf 78' lang='lat' dir='ltr'><strong>habens.</strong></span> <span class='ocrx_word' id='word_1_371' title='bbox 1013 3505 1056 3560; x_wconf 88' lang='lat' dir='ltr'><strong>lac</strong></span> <span class='ocrx_word' id='word_1_372' title='bbox 1072 3513 1104 3560; x_wconf 84' lang='lat' dir='ltr'><strong>ut</strong></span> <span class='ocrx_word' id='word_1_373' title='bbox 1121 3505 1212 3569; x_wconf 89' lang='lat' dir='ltr'><strong>noris,</strong></span> <span class='ocrx_word' id='word_1_374' title='bbox 1235 3505 1278 3561; x_wconf 90' lang='lat' dir='ltr'><strong>lac</strong></span> <span class='ocrx_word' id='word_1_375' title='bbox 1295 3514 1327 3561; x_wconf 87' lang='lat' dir='ltr'><strong>ut</strong></span> 
     </span>
     <span class='ocr_line' id='line_1_34' title="bbox 93 3572 1327 3640; baseline -0.003 -8"><span class='ocrx_word' id='word_1_376' title='bbox 93 3622 99 3632; x_wconf 92' lang='lat'>.</span> <span class='ocrx_word' id='word_1_377' title='bbox 185 3576 241 3628; x_wconf 86' lang='lat' dir='ltr'><strong>inm</strong></span> <span class='ocrx_word' id='word_1_378' title='bbox 259 3574 446 3640; x_wconf 82' lang='lat' dir='ltr'><strong>appositionis</strong></span> <span class='ocrx_word' id='word_1_379' title='bbox 462 3572 587 3638; x_wconf 80' lang='lat' dir='ltr'><strong>formam</strong></span> <span class='ocrx_word' id='word_1_380' title='bbox 604 3572 740 3628; x_wconf 80' lang='lat' dir='ltr'><strong>dancde-</strong></span> <span class='ocrx_word' id='word_1_381' title='bbox 768 3573 863 3629; x_wconf 87' lang='lat' dir='ltr'><strong>selant.</strong></span> <span class='ocrx_word' id='word_1_382' title='bbox 892 3575 958 3628; x_wconf 84' lang='lat' dir='ltr'><strong>item</strong></span> <span class='ocrx_word' id='word_1_383' title='bbox 969 3572 1090 3628; x_wconf 79' lang='lat' dir='ltr'><strong>Marnas</strong></span> <span class='ocrx_word' id='word_1_384' title='bbox 1103 3573 1327 3640; x_wconf 81' lang='lat' dir='ltr'><strong>plerumpnelac</strong></span> 
     </span>
     <span class='ocr_line' id='line_1_35' title="bbox 184 3639 1326 3718; baseline -0.002 -22"><span class='ocrx_word' id='word_1_385' title='bbox 184 3643 347 3696; x_wconf 84' lang='lat' dir='ltr'><strong>sideramus</strong></span> <span class='ocrx_word' id='word_1_386' title='bbox 363 3656 435 3707; x_wconf 87' lang='lat' dir='ltr'><strong>quae</strong></span> <span class='ocrx_word' id='word_1_387' title='bbox 446 3656 611 3718; x_wconf 86' lang='lat' dir='ltr'><strong>quamquam</strong></span> <span class='ocrx_word' id='word_1_388' title='bbox 625 3641 657 3695; x_wconf 92' lang='lat' dir='ltr'><strong>ad</strong></span> <span class='ocrx_word' id='word_1_389' title='bbox 670 3639 740 3695; x_wconf 89' lang='lat' dir='ltr'><strong>mul·</strong></span> <span class='ocrx_word' id='word_1_390' title='bbox 767 3649 798 3696; x_wconf 89' lang='lat' dir='ltr'><strong>ut</strong></span> <span class='ocrx_word' id='word_1_391' title='bbox 815 3641 898 3695; x_wconf 88' lang='lat' dir='ltr'><strong>sciam</strong></span> <span class='ocrx_word' id='word_1_392' title='bbox 916 3641 993 3696; x_wconf 85' lang='lat' dir='ltr'><strong>neiat</strong></span> <span class='ocrx_word' id='word_1_393' title='bbox 1010 3644 1040 3695; x_wconf 87' lang='lat' dir='ltr'><strong>in</strong></span> <span class='ocrx_word' id='word_1_394' title='bbox 1060 3643 1116 3708; x_wconf 64' lang='lat' dir='ltr'><strong>(ine</strong></span> <span class='ocrx_word' id='word_1_395' title='bbox 1137 3642 1326 3706; x_wconf 85' lang='lat' dir='ltr'><strong>epistularum</strong></span> 
     </span>
     <span class='ocr_line' id='line_1_36' title="bbox 185 3707 1325 3776; baseline 0.001 -13"><span class='ocrx_word' id='word_1_396' title='bbox 185 3708 329 3764; x_wconf 85' lang='lat' dir='ltr'><strong>titudinem</strong></span> <span class='ocrx_word' id='word_1_397' title='bbox 347 3722 493 3776; x_wconf 76' lang='lat' dir='ltr'><strong>peruenire</strong></span> <span class='ocrx_word' id='word_1_398' title='bbox 507 3725 563 3762; x_wconf 92' lang='lat' dir='ltr'><strong>non</strong></span> <span class='ocrx_word' id='word_1_399' title='bbox 575 3716 681 3774; x_wconf 89' lang='lat' dir='ltr'><strong>potest,</strong></span> <span class='ocrx_word' id='word_1_400' title='bbox 702 3717 740 3762; x_wconf 87' lang='lat' dir='ltr'><strong>ta·</strong></span> <span class='ocrx_word' id='word_1_401' title='bbox 767 3709 806 3763; x_wconf 81' lang='lat' dir='ltr'><strong>nd</strong></span> <span class='ocrx_word' id='word_1_402' title='bbox 821 3709 943 3763; x_wconf 79' lang='lat' dir='ltr'><strong>Atticum</strong></span> <span class='ocrx_word' id='word_1_403' title='bbox 961 3708 997 3762; x_wconf 87' lang='lat' dir='ltr'><strong>II</strong></span> <span class='ocrx_word' id='word_1_404' title='bbox 1010 3715 1026 3760; x_wconf 84' lang='lat'><strong><em>6</em></strong></span> <span class='ocrx_word' id='word_1_405' title='bbox 1042 3716 1069 3763; x_wconf 92' lang='lat' dir='ltr'><strong>et</strong></span> <span class='ocrx_word' id='word_1_406' title='bbox 1081 3707 1158 3762; x_wconf 78' lang='lat'><strong>1110</strong></span> <span class='ocrx_word' id='word_1_407' title='bbox 1179 3715 1229 3764; x_wconf 80' lang='lat' dir='ltr'><strong>aad</strong></span> <span class='ocrx_word' id='word_1_408' title='bbox 1242 3708 1325 3764; x_wconf 84' lang='lat' dir='ltr'><strong>lecito</strong></span> 
     </span>
     <span class='ocr_line' id='line_1_37' title="bbox 184 3775 1328 3842; baseline 0 -12"><span class='ocrx_word' id='word_1_409' title='bbox 184 3792 247 3830; x_wconf 89' lang='lat' dir='ltr'><strong>men</strong></span> <span class='ocrx_word' id='word_1_410' title='bbox 264 3775 433 3830; x_wconf 90' lang='lat' dir='ltr'><strong>multitudini</strong></span> <span class='ocrx_word' id='word_1_411' title='bbox 446 3782 522 3842; x_wconf 79' lang='lat' dir='ltr'><strong>grata</strong></span> <span class='ocrx_word' id='word_1_412' title='bbox 538 3783 592 3840; x_wconf 88' lang='lat' dir='ltr'><strong>est,</strong></span> <span class='ocrx_word' id='word_1_413' title='bbox 610 3781 641 3830; x_wconf 87' lang='lat' dir='ltr'><strong>ut</strong></span> <span class='ocrx_word' id='word_1_414' title='bbox 655 3791 741 3842; x_wconf 85' lang='lat' dir='ltr'><strong>prae·</strong></span> <span class='ocrx_word' id='word_1_415' title='bbox 768 3783 799 3831; x_wconf 89' lang='lat' dir='ltr'><strong>ut</strong></span> <span class='ocrx_word' id='word_1_416' title='bbox 816 3776 899 3830; x_wconf 91' lang='lat' dir='ltr'><strong>sciam</strong></span> <span class='ocrx_word' id='word_1_417' title='bbox 918 3777 995 3831; x_wconf 83' lang='lat' dir='ltr'><strong>uelut</strong></span> <span class='ocrx_word' id='word_1_418' title='bbox 1011 3777 1112 3831; x_wconf 82' lang='lat' dir='ltr'><strong>ibidem</strong></span> <span class='ocrx_word' id='word_1_419' title='bbox 1130 3775 1203 3837; x_wconf 78' lang='grc'><strong>114,</strong></span> <span class='ocrx_word' id='word_1_420' title='bbox 1222 3781 1246 3832; x_wconf 82' lang='grc'><strong>4.</strong></span> <span class='ocrx_word' id='word_1_421' title='bbox 1275 3777 1328 3832; x_wconf 81' lang='lat' dir='ltr'><strong>sed</strong></span> 
     </span>
     <span class='ocr_line' id='line_1_38' title="bbox 185 3843 1326 3910; baseline -0.003 -12"><span class='ocrx_word' id='word_1_422' title='bbox 185 3850 264 3899; x_wconf 86' lang='lat' dir='ltr'><strong>terea</strong></span> <span class='ocrx_word' id='word_1_423' title='bbox 277 3845 304 3898; x_wconf 87' lang='lat' dir='ltr'><strong>si</strong></span> <span class='ocrx_word' id='word_1_424' title='bbox 315 3843 383 3909; x_wconf 77' lang='lat' dir='ltr'><strong>qnid</strong></span> <span class='ocrx_word' id='word_1_425' title='bbox 394 3845 529 3907; x_wconf 83' lang='lat' dir='ltr'><strong>infertur,</strong></span> <span class='ocrx_word' id='word_1_426' title='bbox 542 3844 573 3898; x_wconf 88' lang='lat' dir='ltr'><strong>iol</strong></span> <span class='ocrx_word' id='word_1_427' title='bbox 584 3843 662 3898; x_wconf 85' lang='lat' dir='ltr'><strong>illias</strong></span> <span class='ocrx_word' id='word_1_428' title='bbox 675 3858 740 3898; x_wconf 91' lang='lat' dir='ltr'><strong>sen·</strong></span> <span class='ocrx_word' id='word_1_429' title='bbox 767 3845 797 3897; x_wconf 90' lang='lat' dir='ltr'><strong>in</strong></span> <span class='ocrx_word' id='word_1_430' title='bbox 814 3843 937 3910; x_wconf 83' lang='lat' dir='ltr'><strong>epistola</strong></span> <span class='ocrx_word' id='word_1_431' title='bbox 955 3845 993 3898; x_wconf 83' lang='lat' dir='ltr'><strong>ad</strong></span> <span class='ocrx_word' id='word_1_432' title='bbox 1012 3844 1144 3910; x_wconf 81' lang='lat' dir='ltr'><strong>Tironem</strong></span> <span class='ocrx_word' id='word_1_433' title='bbox 1160 3844 1193 3898; x_wconf 85' lang='lat' dir='ltr'><em>X</em></span> <span class='ocrx_word' id='word_1_434' title='bbox 1197 3843 1238 3899; x_wconf 85' lang='lat' dir='ltr'><strong>VI</strong></span> <span class='ocrx_word' id='word_1_435' title='bbox 1254 3850 1293 3906; x_wconf 85' lang='grc'><strong>18,</strong></span> <span class='ocrx_word' id='word_1_436' title='bbox 1308 3849 1326 3895; x_wconf 83' lang='lat'><strong><em>3</em></strong></span> 
     </span>
     <span class='ocr_line' id='line_1_39' title="bbox 184 3911 1326 3980; baseline 0 -14"><span class='ocrx_word' id='word_1_437' title='bbox 184 3913 289 3966; x_wconf 82' lang='lat' dir='ltr'><strong>tentiae</strong></span> <span class='ocrx_word' id='word_1_438' title='bbox 295 3917 401 3976; x_wconf 85' lang='lat' dir='ltr'><strong>parent</strong></span> <span class='ocrx_word' id='word_1_439' title='bbox 409 3913 535 3977; x_wconf 88' lang='lat' dir='ltr'><strong>imperio.</strong></span> <span class='ocrx_word' id='word_1_440' title='bbox 550 3913 659 3966; x_wconf 85' lang='lat' dir='ltr'><strong>accedit</strong></span> <span class='ocrx_word' id='word_1_441' title='bbox 668 3912 743 3977; x_wconf 80' lang='lat' dir='ltr'><strong>qaod</strong></span> <span class='ocrx_word' id='word_1_442' title='bbox 765 3913 859 3977; x_wconf 87' lang='lat' dir='ltr'><strong>primo</strong></span> <span class='ocrx_word' id='word_1_443' title='bbox 871 3911 975 3977; x_wconf 85' lang='lat' dir='ltr'><strong>lepitar</strong></span> <span class='ocrx_word' id='word_1_444' title='bbox 992 3911 1033 3966; x_wconf 90' lang='lat' dir='ltr'><strong>lac</strong></span> <span class='ocrx_word' id='word_1_445' title='bbox 1053 3929 1123 3979; x_wconf 89' lang='lat' dir='ltr'><strong>opus</strong></span> <span class='ocrx_word' id='word_1_446' title='bbox 1137 3912 1265 3980; x_wconf 87' lang='lat' dir='ltr'><strong>adpareat</strong></span> <span class='ocrx_word' id='word_1_447' title='bbox 1278 3913 1326 3966; x_wconf 85' lang='lat' dir='ltr'><strong>de·</strong></span> 
     </span>
     <span class='ocr_line' id='line_1_40' title="bbox 185 3978 1362 4045; baseline -0.003 -11"><span class='ocrx_word' id='word_1_448' title='bbox 185 3985 242 4034; x_wconf 84' lang='lat' dir='ltr'><strong>iota</strong></span> <span class='ocrx_word' id='word_1_449' title='bbox 266 3994 301 4034; x_wconf 84' lang='lat' dir='ltr'><strong>ea</strong></span> <span class='ocrx_word' id='word_1_450' title='bbox 319 3978 473 4044; x_wconf 83' lang='lat' dir='ltr'><strong>disputatio</strong></span> <span class='ocrx_word' id='word_1_451' title='bbox 490 3994 553 4033; x_wconf 86' lang='lat' dir='ltr'><strong>carn</strong></span> <span class='ocrx_word' id='word_1_452' title='bbox 570 3980 609 4034; x_wconf 84' lang='lat' dir='ltr'><strong>ad</strong></span> <span class='ocrx_word' id='word_1_453' title='bbox 622 3979 741 4045; x_wconf 84' lang='lat' dir='ltr'><strong>papula·</strong></span> <span class='ocrx_word' id='word_1_454' title='bbox 767 3980 833 4033; x_wconf 85' lang='lat' dir='ltr'><strong>inde</strong></span> <span class='ocrx_word' id='word_1_455' title='bbox 852 3978 892 4033; x_wconf 86' lang='lat' dir='ltr'><strong>lac</strong></span> <span class='ocrx_word' id='word_1_456' title='bbox 910 3987 941 4034; x_wconf 88' lang='lat' dir='ltr'><strong>ut</strong></span> <span class='ocrx_word' id='word_1_457' title='bbox 958 3980 1055 4043; x_wconf 89' lang='lat' dir='ltr'><strong>sciam,</strong></span> <span class='ocrx_word' id='word_1_458' title='bbox 1078 3982 1201 4034; x_wconf 78' lang='lat' dir='ltr'><strong>adseres</strong></span> <span class='ocrx_word' id='word_1_459' title='bbox 1218 3979 1327 4034; x_wconf 77' lang='lat' dir='ltr'><strong>XJVa</strong></span> <span class='ocrx_word' id='word_1_460' title='bbox 1359 4018 1362 4026; x_wconf 91' lang='lat'>.</span> 
     </span>
     <span class='ocr_line' id='line_1_41' title="bbox 185 4046 1326 4114; baseline 0.001 -13"><span class='ocrx_word' id='word_1_461' title='bbox 185 4051 361 4114; x_wconf 83' lang='lat' dir='ltr'><strong>rampartenr</strong></span> <span class='ocrx_word' id='word_1_462' title='bbox 369 4047 514 4111; x_wconf 83' lang='lat' dir='ltr'><strong>petitionis</strong></span> <span class='ocrx_word' id='word_1_463' title='bbox 521 4049 674 4112; x_wconf 84' lang='lat' dir='ltr'><strong>pertineat,</strong></span> <span class='ocrx_word' id='word_1_464' title='bbox 685 4062 742 4101; x_wconf 90' lang='lat' dir='ltr'><strong>non</strong></span> <span class='ocrx_word' id='word_1_465' title='bbox 768 4046 811 4101; x_wconf 88' lang='lat' dir='ltr'><strong>lac</strong></span> <span class='ocrx_word' id='word_1_466' title='bbox 824 4046 961 4113; x_wconf 75' lang='lat' dir='ltr'><strong>extructas,</strong></span> <span class='ocrx_word' id='word_1_467' title='bbox 979 4049 1018 4102; x_wconf 84' lang='lat' dir='ltr'><strong>ad</strong></span> <span class='ocrx_word' id='word_1_468' title='bbox 1033 4049 1156 4102; x_wconf 84' lang='lat' dir='ltr'><strong>Atticam</strong></span> <span class='ocrx_word' id='word_1_469' title='bbox 1168 4047 1185 4101; x_wconf 92' lang='lat' dir='ltr'><em>I</em></span> <span class='ocrx_word' id='word_1_470' title='bbox 1192 4047 1218 4102; x_wconf 90' lang='lat' dir='ltr'><em>V</em></span> <span class='ocrx_word' id='word_1_471' title='bbox 1231 4053 1265 4098; x_wconf 78' lang='grc'><strong>46</strong></span> <span class='ocrx_word' id='word_1_472' title='bbox 1282 4048 1326 4102; x_wconf 82' lang='lat' dir='ltr'><strong>lris</strong></span> 
     </span>
     <span class='ocr_line' id='line_1_42' title="bbox 185 4113 1326 4182; baseline 0 -13"><span class='ocrx_word' id='word_1_473' title='bbox 185 4117 253 4170; x_wconf 83' lang='lat' dir='ltr'><strong>sinit</strong></span> <span class='ocrx_word' id='word_1_474' title='bbox 281 4116 443 4179; x_wconf 77' lang='lat' dir='ltr'><strong>exaequari</strong></span> <span class='ocrx_word' id='word_1_475' title='bbox 470 4129 533 4169; x_wconf 86' lang='lat' dir='ltr'><strong>cnm</strong></span> <span class='ocrx_word' id='word_1_476' title='bbox 564 4115 741 4169; x_wconf 84' lang='lat' dir='ltr'><strong>multitudine</strong></span> <span class='ocrx_word' id='word_1_477' title='bbox 768 4113 810 4168; x_wconf 90' lang='lat' dir='ltr'><strong>lac</strong></span> <span class='ocrx_word' id='word_1_478' title='bbox 827 4115 929 4170; x_wconf 73' lang='lat' dir='ltr'><strong>uenias</strong></span> <span class='ocrx_word' id='word_1_479' title='bbox 961 4114 1096 4170; x_wconf 81' lang='lat' dir='ltr'><strong>Cicerone</strong></span> <span class='ocrx_word' id='word_1_480' title='bbox 1113 4116 1230 4170; x_wconf 78' lang='lat' dir='ltr'><strong>conside</strong></span> <span class='ocrx_word' id='word_1_481' title='bbox 1247 4115 1326 4182; x_wconf 84' lang='lat' dir='ltr'><strong>refe-</strong></span> 
     </span>
     <span class='ocr_line' id='line_1_43' title="bbox 185 4181 1325 4248; baseline 0.001 -11"><span class='ocrx_word' id='word_1_482' title='bbox 185 4187 299 4237; x_wconf 87' lang='lat' dir='ltr'><strong>nnn&#39;cos.</strong></span> <span class='ocrx_word' id='word_1_483' title='bbox 327 4184 421 4247; x_wconf 77' lang='lat' dir='ltr'><strong>itaque</strong></span> <span class='ocrx_word' id='word_1_484' title='bbox 437 4181 618 4237; x_wconf 83' lang='lat' dir='ltr'><strong>scribendum</strong></span> <span class='ocrx_word' id='word_1_485' title='bbox 635 4198 741 4248; x_wconf 86' lang='lat' dir='ltr'><strong>propo·</strong></span> <span class='ocrx_word' id='word_1_486' title='bbox 768 4189 848 4237; x_wconf 86' lang='lat' dir='ltr'><strong>rente</strong></span> <span class='ocrx_word' id='word_1_487' title='bbox 866 4189 984 4238; x_wconf 85' lang='lat' dir='ltr'><strong>senalus</strong></span> <span class='ocrx_word' id='word_1_488' title='bbox 1000 4184 1127 4248; x_wconf 85' lang='lat' dir='ltr'><strong>prandia</strong></span> <span class='ocrx_word' id='word_1_489' title='bbox 1144 4186 1171 4237; x_wconf 88' lang='lat' dir='ltr'><strong>sr&#39;</strong></span> <span class='ocrx_word' id='word_1_490' title='bbox 1186 4183 1325 4248; x_wconf 80' lang='lat' dir='ltr'><strong>aolpaes—</strong></span> 
     </span>
     <span class='ocr_line' id='line_1_44' title="bbox 185 4247 1328 4315; baseline -0.001 -10"><span class='ocrx_word' id='word_1_491' title='bbox 185 4253 232 4305; x_wconf 85' lang='lat' dir='ltr'><strong>sni</strong></span> <span class='ocrx_word' id='word_1_492' title='bbox 244 4260 332 4305; x_wconf 89' lang='lat' dir='ltr'><strong>tameo</strong></span> <span class='ocrx_word' id='word_1_493' title='bbox 344 4248 367 4303; x_wconf 88' lang='lat' dir='ltr'><strong>si</strong></span> <span class='ocrx_word' id='word_1_494' title='bbox 377 4247 410 4302; x_wconf 90' lang='lat' dir='ltr'><strong>ab</strong></span> <span class='ocrx_word' id='word_1_495' title='bbox 420 4249 512 4303; x_wconf 89' lang='lat' dir='ltr'><strong>amicis</strong></span> <span class='ocrx_word' id='word_1_496' title='bbox 523 4248 657 4313; x_wconf 88' lang='lat' dir='ltr'><strong>laudatur,</strong></span> <span class='ocrx_word' id='word_1_497' title='bbox 671 4248 741 4303; x_wconf 90' lang='lat' dir='ltr'><strong>mul·</strong></span> <span class='ocrx_word' id='word_1_498' title='bbox 768 4256 832 4304; x_wconf 85' lang='lat' dir='ltr'><strong>sent</strong></span> <span class='ocrx_word' id='word_1_499' title='bbox 843 4251 913 4305; x_wconf 84' lang='lat' dir='ltr'><strong>daia</strong></span> <span class='ocrx_word' id='word_1_500' title='bbox 925 4269 943 4305; x_wconf 90' lang='lat' dir='ltr'><strong>a</strong></span> <span class='ocrx_word' id='word_1_501' title='bbox 953 4252 1115 4305; x_wconf 84' lang='lat' dir='ltr'><strong>candidatis</strong></span> <span class='ocrx_word' id='word_1_502' title='bbox 1125 4257 1226 4305; x_wconf 87' lang='lat' dir='ltr'><strong>cantra</strong></span> <span class='ocrx_word' id='word_1_503' title='bbox 1239 4250 1328 4315; x_wconf 75' lang='lat' dir='ltr'><strong>tepens</strong></span> 
     </span>
     <span class='ocr_line' id='line_1_45' title="bbox 185 4316 1284 4386; baseline 0.002 -15"><span class='ocrx_word' id='word_1_504' title='bbox 185 4318 296 4373; x_wconf 89' lang='lat' dir='ltr'><strong>titudini</strong></span> <span class='ocrx_word' id='word_1_505' title='bbox 309 4323 386 4384; x_wconf 81' lang='lat' dir='ltr'><strong>grata</strong></span> <span class='ocrx_word' id='word_1_506' title='bbox 399 4323 448 4371; x_wconf 90' lang='lat' dir='ltr'><strong>est.</strong></span> <span class='ocrx_word' id='word_1_507' title='bbox 648 4358 650 4361; x_wconf 86' lang='grc'>-</span> <span class='ocrx_word' id='word_1_508' title='bbox 768 4333 831 4374; x_wconf 86' lang='lat' dir='ltr'><strong>esse</strong></span> <span class='ocrx_word' id='word_1_509' title='bbox 843 4319 972 4373; x_wconf 84' lang='lat' dir='ltr'><strong>decreuit</strong></span> <span class='ocrx_word' id='word_1_510' title='bbox 986 4319 1050 4384; x_wconf 90' lang='lat' dir='ltr'><strong>(pro</strong></span> <span class='ocrx_word' id='word_1_511' title='bbox 1063 4316 1218 4386; x_wconf 78' lang='lat' dir='ltr'><strong>Murena§</strong></span> <span class='ocrx_word' id='word_1_512' title='bbox 1230 4319 1284 4382; x_wconf 79' lang='lat'><em>⁶7).</em></span> 
     </span>
     <span class='ocr_line' id='line_1_46' title="bbox 230 4384 740 4452; baseline 0.008 -16"><span class='ocrx_word' id='word_1_513' title='bbox 230 4390 246 4436; x_wconf 84' lang='grc'><strong><em>4</em></strong></span> <span class='ocrx_word' id='word_1_514' title='bbox 264 4385 307 4441; x_wconf 89' lang='lat' dir='ltr'><strong>lac</strong></span> <span class='ocrx_word' id='word_1_515' title='bbox 320 4391 350 4439; x_wconf 88' lang='lat' dir='ltr'><strong>ut</strong></span> <span class='ocrx_word' id='word_1_516' title='bbox 362 4386 452 4450; x_wconf 87' lang='lat' dir='ltr'><strong>mapis</strong></span> <span class='ocrx_word' id='word_1_517' title='bbox 465 4400 548 4452; x_wconf 79' lang='lat' dir='ltr'><strong>qaam</strong></span> <span class='ocrx_word' id='word_1_518' title='bbox 561 4384 603 4440; x_wconf 88' lang='lat' dir='ltr'><strong>lac</strong></span> <span class='ocrx_word' id='word_1_519' title='bbox 615 4384 740 4440; x_wconf 86' lang='lat' dir='ltr'><strong>concele-</strong></span> 
     </span>
    </p>
   </div>
   <div class='ocr_carea' id='block_1_7' title="bbox 0 0 1493 5010">
    <p class='ocr_par' dir='ltr' id='par_1_9' title="bbox 0 0 1493 5010">
     <span class='ocr_line' id='line_1_47' title="bbox 0 0 1493 5010; baseline 0 0"><span class='ocrx_word' id='word_1_520' title='bbox 0 0 1493 5010; x_wconf 95' lang='lat' dir='ltr'><strong> </strong></span> 
     </span>
    </p>
   </div>
  </div>
 </body>
</html>
