2970 5010
1239 329 1276 394 li

149 488 151 491 ⁵
220 509 373 580 Perplmus
395 505 438 563 ad
451 504 632 577 trapoeciias.
665 505 695 562 in
711 505 846 562 oratione
860 506 937 575 enim
955 499 1179 584 Arabiane&
1200 502 1280 577 prol

134 609 258 668 Morcus
279 610 367 667 etiam
387 608 537 681 praetoris
559 607 732 665 mentionem
751 603 827 676 fecit
847 606 1015 664 exercentis
1029 603 1177 667 iudicium.
1191 604 1226 664 ta
1237 611 1281 664 est

131 710 245 781 fratris
266 710 315 769 sui
336 707 444 780 Quinti,
468 708 523 766 bac
544 706 704 767 seboliasta
727 704 882 766 Bobiensis
901 723 932 780 p.
958 713 1026 773 354,
1046 712 1082 764 23
1103 712 1182 766 recte
1202 707 1281 772 dicit

134 827 193 872 non
216 828 337 886 uacare,
361 809 653 888 opportunissumam
677 809 787 887 quippe
810 808 851 868 ait
873 805 909 866 de
930 805 1065 867 laudibus
1088 814 1193 886 poetae
1208 804 1279 867 boni

134 911 212 991 apud
236 930 304 972 eum
327 911 427 971 dicere
458 911 507 985 qtti
536 908 641 969 studiis
670 907 839 969 huiusmodi
861 905 1040 976 delectetur,
1064 908 1120 969 init
1141 909 1220 970 enim
1243 907 1278 992 Q.

135 1011 247 1073 Tullius
274 1031 333 1072 uon
364 1011 457 1072 solam
488 1012 562 1089 epici
590 1028 692 1070 veram
721 1010 809 1069 etiam
837 1010 942 1086 tragici
970 1010 1111 1069 carminis
1139 1011 1278 1088 scriptor.

133 1131 206 1175 sane
225 1122 292 1189 post
312 1117 426 1188 aliquot
447 1129 543 1172 annos
557 1129 625 1173 curn
641 1112 779 1170 Caesaris
796 1113 940 1186 auspiciis
952 1112 1098 1172 militabat
1111 1127 1190 1171 anno
1204 1110 1282 1171 DCC

132 1224 251 1277 strenue
291 1223 457 1276 uersatam.
481 1215 612 1274 uidemus
650 1216 681 1273 in
718 1214 893 1273 scribendis.
909 1213 1027 1285 fabulis
1062 1229 1189 1287 quarum
1217 1215 1280 1272 sine

134 1319 222 1378 dnbio
243 1335 283 1378 en
309 1319 433 1377 Graecis
461 1317 518 1376 sibi
542 1318 682 1391 exempla
704 1321 880 1390 sumpserat.
926 1323 1014 1388 alque
1035 1314 1201 1389 Eriponam
1228 1323 1282 1374 aut

135 1421 304 1480 absolverat
336 1426 389 1478 aut
421 1421 451 1476 in
483 1434 517 1477 eo
546 1424 614 1476 erat
646 1424 678 1477 ut
711 1418 874 1476 absolueret
905 1424 974 1476 anm
1009 1416 1087 1475 diem
1113 1416 1190 1476 IIII
1212 1416 1281 1477 idus

134 1525 255 1584 sectiles
281 1537 339 1595 pao
366 1520 415 1578 elic
447 1521 564 1578 litteras
596 1536 636 1579 ec
672 1518 836 1576 Britannia
864 1519 908 1576 ad
935 1517 1069 1590 fratrem
1102 1519 1198 1586 dedit,
1233 1519 1282 1578 bic

51 1648 60 1661 ¹
136 1641 234 1684 mense
258 1622 416 1698 septembri
444 1621 482 1680 ab
512 1620 606 1695 Oppio
631 1636 697 1679 eam
726 1620 918 1694 expectabat,
952 1634 1042 1693 quam
1074 1621 1102 1678 si
1132 1621 1283 1694 occeperit

136 1729 317 1801 scripturum
349 1741 381 1782 se
412 1723 456 1780 ael
490 1721 625 1792 Quintum
658 1723 803 1797 promittit
835 1721 910 1796 poili
937 1722 1060 1790 sentiat,
1100 1736 1155 1780 nec
1190 1721 1281 1780 dubi-

137 1835 202 1886 tare
228 1828 300 1900 patin
327 1825 384 1883 sibi
412 1825 569 1898 placituro
596 1825 635 1882 sit
663 1823 739 1895 (III
765 1829 795 1890 t,
828 1826 888 1898 lt).
940 1839 1042 1883 armam
1075 1822 1188 1883 dnobus
1214 1829 1283 1898 past
1379 1892 1381 1896 ,

25 1952 28 1959 ·
136 1928 283 1988 mensibus
303 1943 370 1986 cnrn
392 1925 517 1984 Romam
540 1925 670 1986 nondum
692 1925 798 1983 adlata
820 1931 911 1992 esset,
942 1925 1067 1986 Marcus
1093 1925 1131 1984 de
1158 1932 1281 2000 trapae-

137 2031 194 2089 elils
218 2029 319 2100 deitati
337 2029 451 2086 locatus
472 2027 599 2086 breuiter
620 2025 844 2098 commonefecit
857 2035 889 2086 nt
905 2026 1041 2100 Eripona
1060 2029 1190 2087 simulet
1203 2011 1283 2088 aliae

136 2133 193 2190 sibi
219 2133 404 2189 mitterentur
427 2127 502 2200 (ΙΙΙ
524 2137 556 2197 b,
582 2132 629 2203 7).
683 2135 714 2187 at
746 2135 872 2188 exeunte
899 2129 1049 2187 novembri
1074 2145 1173 2189 mense
1204 2128 1286 2189 idem

135 2234 259 2307 periisse
281 2231 445 2304 Eriponam
466 2231 616 2302 sipnilicot
638 2230 860 2289 tabellariorum
888 2233 979 2304 culpa
1007 2232 1062 2290 soli
1086 2233 1133 2290 illi
1154 2229 1283 2290 Caesare

137 2337 316 2409 imperatore
343 2333 400 2390 iter
428 2348 469 2390 ex
492 2333 592 2390 Gallia
621 2337 712 2389 tertam
734 2345 793 2389 non
818 2330 915 2402 faisse
937 2337 1058 2390 testatus
1085 2331 1156 2403 (III
1181 2337 1212 2400 9,
1238 2335 1281 2407 b).

137 2436 239 2494 euclem
266 2435 383 2492 nomine
414 2436 552 2492 carmina
586 2435 699 2507 tropici
720 2439 842 2508 poetae,
877 2440 910 2492 ut
941 2433 1051 2493 nobiles
1078 2431 1284 2500 Eratosthenis

137 2539 236 2610 elepos
257 2544 421 2603 taceamus,
447 2535 557 2595 Graeci
577 2534 737 2610 Sopbacles
758 2551 796 2593 ac
813 2540 975 2608 praeterea
997 2532 1187 2610 Pbryniobas
1202 2534 1282 2596 Cleo·

136 2639 217 2712 pleon
239 2636 385 2697 Pbilocles
406 2636 565 2695 ediderant
585 2637 740 2710 compositi
759 2653 779 2694 a
801 2635 938 2696 Naacbio
965 2639 1162 2710 reliquiarum
1188 2635 1283 2710 trapi·

137 2756 243 2800 carum
263 2756 295 2814 p.
322 2744 391 2805 737,
415 2737 699 2804 damnanatione,
728 2745 757 2796 et
778 2740 808 2796 in
832 2737 951 2796 Attiano
977 2737 1095 2811 quidem
1117 2755 1175 2797 non
1197 2737 1287 2798 Icari
1311 2730 1313 2735 ⁴
1399 2719 1404 2732 ’

135 2844 200 2914 tilia
223 2840 325 2900 Liberi
341 2842 440 2914 patris
462 2839 578 2913 bospite
600 2842 685 2913 sipno
711 2842 835 2899 caelesti
859 2840 1006 2899 bonorata
1033 2841 1116 2912 uirpo
1138 2839 1284 2914 apebatnr

137 2944 195 3001 secl*
214 2942 449 3017 Clytaemnestra
470 2950 498 3000 ct
521 2943 659 3015 rtepistleo
682 2949 756 3001 aeota
777 2943 870 3001 Aletis
890 2957 976 3001 soror
997 2941 1036 2999 ab
1050 2942 1283 3015 Apamemnani-

139 3045 186 3104 ciis
208 3053 326 3103 arenata.
372 3044 520 3103 cercebant
543 3045 612 3102 buic
634 3044 809 3117 trapoetlioc
830 3060 870 3102 cac
891 3043 996 3102 Marci
1015 3043 1058 3102 uei
1074 3042 1212 3113 Quintum
1232 3043 1283 3103 lit-

138 3149 209 3205 teris
230 3146 286 3204 Ill
308 3154 339 3214 o,
366 3152 382 3202 7
410 3147 490 3204 aliae
518 3151 673 3219 quattuor,
701 3146 841 3204 nimirum
869 3145 992 3204 Blasius
1016 3161 1048 3220 p.
1075 3152 1112 3202 23
1138 3151 1168 3203 et
1192 3145 1285 3220 siparis
1321 3157 1323 3161 ’

42 3322 47 3329 ,
139 3250 217 3307 alius
238 3265 293 3306 sen
313 3249 417 3306 statuit
436 3254 560 3321 praeter
582 3247 746 3320 Eripanom
766 3245 906 3318 stabulos,
934 3264 974 3305 ea·
1000 3247 1203 3306 consecutione
1224 3262 1284 3306 non

139 3352 309 3407 necessaria
331 3364 484 3407 numeram
511 3348 707 3420 confecerunt
733 3348 906 3423 improbum.
950 3355 1089 3425 quattuor
1118 3345 1285 3424 tragoedias

139 3452 235 3522 irrorat
259 3449 383 3508 Marcus
405 3448 531 3508 sedecim
556 3448 662 3508 [liebus
684 3447 843 3509 absolvisse
866 3456 896 3507 te
919 3467 984 3508 cunt
1002 3445 1124 3514 scribas,
1148 3456 1179 3508 tu
1202 3449 1284 3526 quic·

140 3568 226 3626 utram
252 3549 288 3610 ab
312 3549 369 3608 aiio
393 3550 556 3610 tuutaaris‘l
587 3557 615 3609 ct
638 3547 749 3622 πάθος
770 3551 890 3629 quaeris
913 3568 978 3609 curn
1002 3547 1147 3609 Electram
1172 3558 1201 3609 et
1223 3557 1285 3610 tro·

140 3652 206 3711 dam
236 3651 409 3730 scripseris?
437 3658 568 3714 cessator
596 3670 660 3724 esso
683 3650 744 3712 noli
772 3659 801 3711 el
828 3649 899 3710 iilud
922 3649 1033 3729 γνῶθι
1055 3646 1200 3711 σεαυτόν
1225 3649 1284 3712 noli

140 3762 242 3831 putare
259 3753 294 3813 ad
312 3753 511 3831 adrogantiam
528 3753 718 3814 mimtandam
736 3751 830 3813 solum
848 3770 913 3812 esse
929 3753 1050 3822 dictum,
1071 3771 1172 3813 verum
1195 3754 1283 3814 ctiam

142 3863 173 3912 ut
205 3852 281 3912 bona
312 3863 410 3915 nostra
440 3857 590 3923 norimus,
620 3855 670 3915 sed
701 3863 731 3916 cl
758 3856 828 3915 istas
856 3862 886 3914 ct
912 3853 1072 3931 Erigonam
1101 3853 1174 3914 mihi
1196 3853 1283 3916 veiim

141 3956 248 4015 urinas.
292 3958 322 4014 in
353 3958 457 4030 ouibus
485 3952 595 4029 πάθος
615 3959 780 4032 praeclare
816 3958 962 4015 i'senerns
993 3957 1160 4017 emendavit
1193 3958 1288 4016 musei

140 4058 269 4116 rbenani
283 4056 384 4115 XXII
391 4073 424 4132 p.
445 4064 502 4115 tall
516 4059 677 4118 secundam
695 4058 823 4118 Mattiaci
837 4061 1019 4133 scripturam
1033 4061 1162 4126 ΠΛεοί,
1184 4074 1285 4117 aeram

140 4158 221 4231 quoa
241 4159 389 4217 antecedit
411 4165 440 4215 el
462 4174 520 4217 non
543 4175 616 4234 opus
637 4177 700 4220 esse
721 4160 796 4219 mibi
816 4160 933 4219 uidetur
959 4162 990 4219 in
1013 4167 1059 4220 set
1080 4167 1198 4220 mutare
1218 4175 1285 4219 cum

140 4260 249 4328 rodem,
273 4262 344 4334 quia
366 4262 594 4332 interrapatiani
608 4262 732 4321 blorcns
753 4263 845 4320 alteri
857 4264 983 4320 alteram
1002 4268 1156 4322 conectens
1166 4263 1286 4335 pariter

139 4378 206 4420 crem
229 4369 368 4436 quattuor
390 4362 614 4434 trapoediarnm
637 4366 779 4422 anemoria
802 4365 988 4423 coniunctam
1010 4362 1065 4420 boc
1077 4365 1176 4436 potius
1196 4369 1286 4422 curat

192 4510 216 4565 Q.
229 4511 300 4552 Cicero
315 4512 347 4552 od.
361 4511 471 4554 Biicheler.
754 4541 760 4552 ,
1064 4483 1081 4541 2
