2970 5010
148 387 149 391 ’
219 378 262 446 to
624 396 744 457 ovium
768 398 949 446 creationis

221 567 300 616 tuam
323 557 348 616 si
370 556 548 625 adiunxeris,
572 574 626 634 per
643 565 699 616 'eos
721 555 864 635 reliquam
888 553 1105 614 multitudinem
1130 551 1214 613 lacile
1237 551 1361 612 tenebis.

220 675 322 744 postea
349 673 439 726 totam
468 665 579 726 ltaliam
607 665 652 725 lac
681 672 714 725 ut
741 668 772 725 in
801 667 899 725 animo
929 684 961 724 ac
991 665 1133 724 memoria
1162 661 1294 722 tributim
1319 661 1363 721 di·

220 779 361 856 scriptam
386 795 654 856 comprensamque
678 775 797 845 habeas,
823 795 860 836 ne
884 775 961 853 quod
979 775 1182 854 municipium,
1207 773 1362 840 coloniam,

219 887 445 966 praefecturam,
469 885 566 947 locum
590 887 717 964 denique
740 886 839 946 ltaliae
863 905 900 947 ne
916 905 1005 966 quem
1028 903 1095 946 esse
1115 886 1228 964 patiare
1250 885 1280 943 in
1305 902 1364 962 quo

170 1000 280 1056 3111011
304 996 413 1056 habeas
443 998 620 1058 firmamenti
648 996 725 1073 quod
756 997 826 1056 satis
854 1015 918 1056 esse
946 998 1053 1076 possit;
1088 996 1244 1074 perquiras
1266 1002 1296 1054 et
1318 995 1390 1053 iri-e

220 1109 345 1184 vestiges
367 1106 502 1167 homines
525 1127 560 1167 ex
584 1108 664 1166 onmi
687 1108 824 1184 regione,
856 1126 907 1167 eos
929 1123 1104 1183 cognoscas
1132 1113 1267 1184 appetas,
1292 1121 1362 1163 con·

220 1218 334 1298 tirmes,
364 1235 451 1277 cures
480 1226 513 1278 ut
540 1219 569 1277 in
606 1219 667 1278 suis
694 1215 892 1276 vicinitatibus
911 1194 978 1276 tibi
1005 1222 1108 1294 petant
1142 1222 1171 1274 et
1198 1221 1247 1273 tua
1276 1232 1364 1274 causa

221 1328 304 1405 quasi
326 1327 474 1387 candidati
497 1329 562 1387 sint.
608 1326 705 1387 volent
727 1335 756 1386 te
779 1328 919 1396 amicum,
951 1327 975 1386 si
1005 1344 1087 1386 suam
1117 1334 1183 1386 ate
1205 1325 1364 1384 amicitiam

222 1439 319 1516 expeti
343 1436 491 1497 videbunt.
537 1437 566 1496 id
589 1444 621 1497 ut
643 1437 818 1514 intelligant,
843 1438 977 1497 oratione
993 1455 1027 1496 ea
1044 1453 1119 1512 quae
1134 1435 1169 1495 ad
1195 1452 1258 1494 earn
1274 1435 1364 1494 ratio·
1434 1452 1442 1461 ·

148 1522 153 1532 ’
220 1565 288 1606 nem
312 1548 442 1626 pertinet
464 1545 599 1606 babenda
629 1565 821 1625 consequere.
867 1547 1002 1606 homines
1031 1543 1223 1624 municipales
1251 1562 1285 1604 ac
1313 1562 1363 1604 ru·
1379 1561 1402 1598 10

220 1658 327 1731 sticani
353 1659 378 1717 si
406 1657 492 1716 nobis
520 1658 639 1717 nomine
668 1658 730 1717 noti
759 1663 842 1727 sunt,
872 1659 902 1716 in
926 1657 1052 1718 amicitia
1076 1674 1194 1716 essese
1217 1653 1363 1714 arbitran-

221 1775 284 1838 tur;
308 1768 423 1827 sivero
448 1770 534 1827 etiam
558 1766 687 1846 praesidi
711 1785 742 1826 se
758 1767 866 1845 aliquid
884 1763 942 1827 sibi
965 1769 1144 1827 constituere
1165 1771 1279 1845 putant,
1303 1783 1362 1824 non

221 1879 360 1963 amittunt
382 1879 568 1938 occasionem
592 1877 794 1956 promerendi.
833 1877 887 1937 hos
911 1879 1001 1937 ceteri
1025 1885 1054 1936 et
1076 1878 1202 1936 maxime
1226 1875 1268 1935 tui
1283 1892 1363 1935 com·
1441 1902 1444 1906 ·

171 2007 180 2018 “
221 1989 362 2066 petitores
385 2006 423 2046 ne
445 1995 555 2047 norunt
578 1988 706 2064 quidem,
730 1996 762 2049 tu
786 1996 815 2046 et
837 1989 915 2047 nosti
939 2001 968 2047 et
990 1986 1075 2048 lacile
1098 2003 1275 2064 cognosces,
1299 1987 1363 2045 sinc
1435 2011 1438 2016 ·

288 2173 490 2239 idescriptam
516 2172 521 2236 Ι
547 2173 598 2222 Sd
617 2178 644 2222 te
664 2174 818 2224 amiciciam
841 2171 844 2237 Ι
873 2177 904 2225 16
923 2171 1137 2238 municipialesl
1158 2175 1188 2222 11
1207 2172 1337 2223 amicicia
1358 2169 1361 2233 l

222 2243 252 2290 12
271 2241 412 2305 praesides
431 2242 481 2289 alii
500 2242 554 2290 sibi

288 2412 303 2459 2
323 2415 385 2475 post
402 2411 426 2458 L
444 2413 507 2474 post
526 2426 586 2459 eam
609 2411 632 2458 V
658 2408 662 2474 Ι
686 2411 714 2458 in
733 2417 792 2461 ante
810 2412 941 2461 memoria
958 2413 1018 2461 add.
1038 2415 1047 2461 t
1065 2415 1081 2460 3
1102 2413 1136 2461 36
1155 2414 1205 2460 127
1220 2408 1224 2475 Ι
1239 2411 1290 2460 tibi
1310 2410 1362 2459 dis·

221 2477 351 2528 tributam
368 2479 391 2526 L
411 2478 583 2527 distributam
603 2482 611 2527 t
630 2481 726 2528 36126
744 2480 796 2527 tibi
815 2480 938 2529 tributim
957 2479 1123 2544 descriptam
1141 2482 1270 2528 15601110
1286 2479 1363 2528 Lam·

220 2547 291 2596 binus
314 2547 535 2595 animaduertisset
556 2551 603 2596 ‘eac
625 2549 713 2609 codice
736 2547 847 2596 Memmii
869 2555 894 2596 et
920 2547 1032 2597 Tarnebi
1052 2564 1108 2597 esse
1130 2550 1156 2596 in
1178 2548 1250 2596 libris
1275 2563 1361 2596 munu-

219 2616 324 2678 srriptis
341 2613 466 2662 tributim
485 2613 650 2662 districtam'
666 2613 702 2678 14
719 2615 828 2679 patiare
848 2631 908 2664 esse
927 2619 936 2664 t
954 2614 1038 2678 3816
1057 2616 1141 2664 etiam
1154 2623 1213 2664 ante
1226 2619 1254 2664 ei
1266 2616 1326 2664 cdd.
1338 2614 1363 2662 L
1400 2643 1402 2646 >

221 2681 225 2742 Ι
246 2685 261 2731 6
280 2697 380 2746 eosque
400 2696 551 2746 cognoscas
569 2682 592 2729 L
616 2680 619 2742 Ι
640 2685 655 2732 'l
673 2683 863 2732 uicinitatibus
881 2686 890 2732 i
909 2685 943 2732 36
961 2686 994 2732 43
1013 2686 1045 2732 46
1063 2686 1113 2732 56.·
1131 2683 1323 2732 ineiuitaiibus
1340 2682 1364 2729 V

220 2749 353 2799 uidelicet
372 2749 535 2798 ciuitatibus
553 2752 562 2798 t
580 2753 677 2799 38117
696 2751 857 2800 ciuitatibus
877 2753 885 2799 l
902 2747 1012 2816 reliquii
1029 2751 1137 2813 aliquos
1153 2759 1214 2814 post
1231 2750 1283 2799 tibi
1301 2752 1362 2799 add.

220 2817 244 2864 L
261 2824 368 2880 praeter
387 2819 421 2866 38
438 2821 480 2880 56,
501 2817 594 2880 aliquo
613 2820 622 2866 l
640 2821 657 2866 3
677 2815 681 2881 Ι
701 2821 715 2867 9
735 2833 769 2867 ea
787 2835 834 2870 om.
852 2815 900 2882 Ll
923 2835 983 2868 earn
1001 2834 1049 2870 om.
1068 2819 1092 2867 L
1108 2825 1216 2882 praeter
1229 2821 1262 2867 18
1280 2819 1312 2866 49
1330 2820 1363 2866 56

223 2882 225 2949 Ι
247 2889 278 2934 10
295 2885 424 2934 habenda
442 2901 489 2936 om.
506 2885 531 2932 L
546 2892 654 2949 praeter
671 2888 704 2934 56
724 2885 830 2935 abunde
849 2886 1041 2937 IacGronoaius
1068 2884 1072 2947 Ι
1100 2888 1129 2934 11
1149 2886 1173 2935 si
1191 2893 1216 2936 et
1234 2890 1297 2934 sunt
1315 2901 1361 2936 orn.

220 2956 229 3002 l
246 2950 355 3016 plurimi,
373 2954 400 3001 in
418 2953 456 3001 its
476 2955 492 3001 3
512 2956 546 3001 36
566 2956 599 3002 38
618 2956 659 3011 47,
678 2955 736 3002 item
757 2955 783 3003 V
807 2953 811 3015 Ι
838 2955 917 3004 nobis
941 2952 1062 3018 nomine]
1087 2955 1196 3003 nomina
1215 2959 1320 3003 tantum
1339 2951 1363 3000 L

220 3020 328 3070 nomine
346 3025 453 3069 tanturn
472 3019 552 3068 nobis
570 3023 579 3068 t
596 3023 629 3069 56
644 3019 647 3084 Ι
664 3035 693 3069 se
708 3037 768 3070 csse
787 3021 811 3069 L
825 3019 830 3086 Ι
846 3024 877 3070 12
895 3022 937 3071 sin
956 3025 965 3071 t
982 3025 1015 3071 56

221 3214 274 3268 boc
292 3213 778 3281 locopaourbisRontacproponi-
806 3215 874 3270 tinet
907 3232 1078 3284 consequere
1113 3214 1364 3282 Lapomarsiniani

222 3288 270 3336 tur
283 3283 453 3346 distributio,
466 3283 551 3345 facile
569 3286 779 3349 acquiescerem
804 3284 932 3350 plerique
955 3285 1128 3351 prauissimo
1145 3300 1253 3351 quoque
1277 3299 1360 3338 uocet-

221 3352 249 3404 si
271 3356 379 3405 tanturn
402 3353 483 3405 medo
507 3352 670 3405 uicinitates
696 3354 779 3406 inccta
804 3351 1362 3418 bulosurrepto.naminterpretesbuias

222 3435 285 3472 cam
297 3419 423 3486 cellapiis
440 3422 666 3474 nominarentur.
693 3433 778 3486 pago·
804 3419 891 3474 libelii
901 3423 950 3487 pui
960 3421 1092 3474 blandam
1102 3423 1236 3486 petitoris
1250 3436 1314 3475 cum
1324 3422 1362 3474 ci-

222 3503 281 3541 rum
307 3503 376 3542 uero
401 3488 498 3542 addita
514 3489 617 3541 mentio
634 3487 779 3542 indicasse
806 3488 889 3543 aidus
905 3491 1169 3544 sermocinationem
1187 3487 1361 3554 intellepnnt,

223 3553 357 3620 Quintum
373 3555 475 3621 prebat
490 3557 610 3622 propria
627 3571 699 3620 puae
721 3561 779 3609 tam
806 3573 863 3611 non
871 3557 1083 3623 planiusquam
1097 3558 1362 3623 antiquitatiumro-
1433 3594 1437 3603 .

222 3629 307 3677 erarrt
316 3623 407 3690 plebis
418 3624 545 3677 urbanae
556 3625 640 3689 anast
648 3624 777 3680 concilia,
806 3640 957 3679 manarum
973 3627 1142 3691 scriptores>
1155 3624 1245 3679 uerba
1263 3623 1363 3689 Quinti

218 3693 343 3756 primum
355 3691 481 3757 callepio,
496 3697 651 3757 tumpapos
664 3691 778 3746 etnicos
806 3708 941 3758 captiosae
966 3693 1109 3748 reicientur.
1145 3692 1247 3758 quibus
1271 3694 1361 3746 mani-

223 3759 323 3824 paibus
347 3759 403 3813 loci
425 3759 505 3813 urbis
534 3774 631 3813 omrtes
654 3761 779 3813 eontine-
804 3760 880 3826 sesto
897 3761 1024 3827 efficitur
1041 3761 1138 3816 solitos
1162 3775 1226 3815 esse
1246 3759 1297 3814 illa
1314 3775 1362 3814 ac-

222 3827 356 3880 bantura
374 3826 489 3893 rapidus
506 3827 545 3880 ad
558 3824 705 3881 Caesares.
731 3842 778 3880 ea·
806 3832 862 3882 tate
875 3830 1050 3893 inpetitione
1063 3828 1364 3894 candidatasprodnei

222 3894 285 3947 dem
297 3909 368 3948 usus
378 3895 468 3960 piebis
481 3894 667 3960 discriptione
681 3893 778 3948 Cicero
805 3897 835 3948 in
852 3897 1023 3959 contionem,
1043 3903 1073 3950 at
1087 3897 1253 3950 adsistentis
1262 3895 1364 3962 popuii

218 3977 274 4027 pro
287 3962 367 4016 domo
380 3959 400 4029 ἕ
407 3966 438 4012 74
447 3964 572 4028 primum
581 3963 706 4028 callepio,
721 3967 778 4016 tum
805 3963 1023 4018 beniuolentiam
1036 3963 1234 4031 suffrapiapue
1246 3969 1362 4030 expete-

217 4045 349 4095 papanos
362 4037 389 4084 et
401 4036 549 4084 montanos
561 4031 698 4084 larudauit.
805 4037 877 4085 rent.

267 4102 283 4147 4
302 4097 380 4152 locus
399 4098 492 4151 tribus
510 4099 676 4164 oppidorum
690 4099 778 4152 nomi·
851 4104 883 4150 14
908 4116 965 4153 raon
986 4101 1104 4166 scripsit
1120 4107 1150 4154 tn
1168 4107 1215 4154 aut
1229 4098 1301 4153 nosti
1314 4106 1362 4153 aut

222 4165 305 4220 atibus
318 4166 446 4220 adiectus
459 4167 654 4231 complectitur
664 4181 735 4232 puae
748 4167 779 4218 in
805 4164 884 4221 iacile
902 4182 1054 4234 cognosces
1071 4168 1126 4222 bae
1143 4175 1234 4222 mente
1252 4173 1283 4222 ut
1305 4166 1361 4221 col·

221 4232 329 4298 lepidus
346 4232 512 4300 sinpillatim
530 4240 721 4288 numerantur
733 4232 778 4299 fo·
804 4233 911 4300 liperct,
925 4252 981 4290 raon
994 4242 1145 4302 separaret
1154 4235 1281 4290 domines
1292 4251 1362 4300 par-

222 4317 284 4354 rum
298 4303 392 4355 uicum
405 4301 621 4355 conciliabulum
631 4302 778 4356 castellum
804 4305 852 4355 tim
862 4310 942 4358 notos
949 4305 1178 4370 partimipnotes.
1196 4309 1298 4357 contra
1308 4317 1362 4356 me—

222 4371 406 4425 territorium.
804 4373 874 4424 mini
883 4369 1021 4426 Senecam
1032 4372 1127 4426 dicere
1139 4370 1232 4426 eadem
1245 4378 1293 4424 aut
1301 4379 1374 4424 tur-2

267 4441 282 4487 9
296 4438 425 4498 ¹oratione
438 4453 508 4505 utrae
521 4437 553 4492 ad
568 4438 700 4493 rationem
715 4455 777 4505 per·
802 4439 846 4505 pia
869 4447 934 4493 sunt
950 4449 997 4494 aut
1014 4441 1128 4495 honesta
1151 4455 1214 4493 curn
1237 4438 1363 4494 distralai
