2970 5010
441 364 769 412 COMMEN'I'ARIOLVIII
793 366 992 413 PETITIONIS
1245 355 1288 419 39

146 528 174 581 to
196 521 366 582 deferendis
389 521 458 604 quid
487 521 540 584 tihi
568 540 670 582 eorum
699 521 816 582 sodales
840 524 1009 602 recoperint
1033 532 1062 583 et
1084 528 1288 588 continuatim

150 639 376 652 ⁵·-——-—-———--

213 714 226 759 1
251 710 314 774 quid
336 713 345 759 l
364 713 398 762 38
417 712 450 760 48
469 712 500 758 to
519 711 586 758 117.-
610 707 718 772 quidem
746 710 768 757 V
792 708 920 772 quidnam
943 713 951 758 l
973 711 1066 775 reliqui
1090 709 1093 774 I
1120 711 1172 761 tibi
1195 729 1241 762 om.
1264 713 1285 760 t

141 784 250 841 praeter
268 780 301 829 48
319 781 364 837 49,
388 785 448 841 post
470 777 579 828 sodales
598 777 693 827 adiecit
715 779 748 827 50
775 775 778 842 Ι
805 776 915 829 sodales
939 793 1031 828 eorum
1055 781 1144 829 omisso
1163 780 1213 830 tibi
1236 778 1282 843 V}

144 845 366 896 confirmauerint
383 847 407 896 L

32 1073 45 1090 .
144 1015 236 1071 altera
249 1016 303 1069 aot.
318 1013 385 1069 IIII
399 1032 426 1081 p.
439 1018 491 1066 931
505 1015 552 1071 ubi
563 1015 700 1082 reliquiae
723 1031 779 1081 pro
794 1015 885 1070 Gallio
896 1021 1031 1081 praetore
1044 1017 1191 1084 desiqaato
1209 1036 1226 1072 a
1241 1017 1284 1073 ct-

143 1087 205 1138 cius
217 1085 357 1139 orationis
368 1083 502 1138 collectae
515 1089 591 1138 sunt.
614 1090 700 1139 testes
726 1099 830 1138 cerone
853 1092 987 1150 praetore
1014 1100 1102 1151 aeque
1126 1102 1161 1140 ac
1183 1088 1285 1142 consul

144 1153 173 1204 in
193 1167 299 1207 caussa
315 1152 511 1206 Fundaniana
532 1153 612 1206 citati
632 1159 699 1206 sunt
724 1159 824 1217 postea
836 1152 980 1206 consulem
992 1153 1172 1218 desiqnatum
1184 1153 1282 1210 Mure-

145 1219 261 1282 Graeci,
286 1225 426 1276 tractatus
443 1218 523 1274 locus
544 1220 579 1274 de
600 1221 699 1275 nobiti·
726 1236 792 1274 nam
809 1220 946 1288 defendit.
973 1221 1111 1286 reliquias
1128 1221 1205 1278 illius
1218 1238 1282 1277 ora·

143 1292 209 1351 tate,
222 1293 377 1342 memorata
390 1289 579 1353 competitoris
590 1294 699 1354 puncta
725 1290 810 1342 tionis
832 1304 970 1354 perquam
997 1291 1121 1355 eaipuas
1149 1290 1282 1345 collectas

142 1356 245 1422 lexque
255 1356 378 1410 annalis.
397 1356 698 1422 equaesturainAsia
724 1355 812 1410 babes
826 1358 905 1421 apud
917 1354 1053 1410 Orellium
1065 1356 1133 1410 IJII
1142 1374 1169 1423 p.
1183 1361 1242 1412 tm.

141 1429 222 1488 qesta
230 1424 369 1478 bominem
379 1429 544 1479 accusatum
553 1438 616 1478 esse
623 1422 697 1479 Dru·
768 1422 797 1490 Q.
810 1422 880 1477 Galli
893 1423 919 1478 b.
934 1423 1042 1478 Corneli
1055 1424 1082 1479 L.
1097 1423 1208 1481 Coruini
1224 1426 1282 1480 col-

141 1507 265 1546 mannus
277 1493 397 1546 coniecit
407 1491 472 1546 bist.
483 1507 552 1545 rom.
569 1491 628 1557 Vp.
638 1495 697 1546 374.
724 1491 791 1545 lertio
803 1490 1069 1556 Laqonarstntauo.
1093 1499 1120 1546 et
1133 1491 1160 1546 0.
1176 1491 1281 1548 Corne-

209 1557 239 1625 Q.
253 1558 356 1614 Gallius
371 1564 491 1625 praetor
512 1559 648 1613 iudicium
669 1560 699 1614 id
724 1559 791 1613 lium
815 1561 863 1625 qui
880 1566 1002 1625 propter
1018 1561 1141 1626 finitumi
1158 1562 1281 1616 nominis

141 1629 272 1682 exercuit
289 1629 319 1681 in
335 1643 389 1693 quo
415 1626 512 1681 Cicero
539 1625 565 1680 C.
592 1626 697 1681 Corne·
724 1627 935 1681 similitudinem
959 1629 989 1680 in
1010 1627 1085 1681 libro
1112 1629 1280 1685 Germanico

140 1695 207 1749 lium
217 1694 432 1762 desenditCotto
444 1700 470 1747 et
480 1694 621 1760 Torquato
630 1710 697 1749 con·
725 1695 839 1749 uidetur
855 1696 1050 1758 intercidisse,
1073 1695 1143 1750 Itali
1161 1698 1223 1752 siue
1241 1712 1281 1752 etc

140 1762 251 1817 salibus
270 1778 346 1817 anno
364 1761 588 1824 offlam,
611 1767 642 1818 ut
658 1767 697 1817 te·
723 1758 787 1829 §51
800 1764 862 1817 siue
873 1762 988 1817 aliunde
998 1771 1193 1828 coqnouerant
1202 1773 1279 1820 recte

140 1829 696 1897 staturAsconiusinarqumentoactio-
724 1831 819 1896 ntique
848 1831 993 1885 addidere.
1034 1847 1100 1885 nam
1130 1831 1279 1888 Cornelius

141 1896 532 1953 aisCornelianaeeatremo.
547 1899 620 1952 idem
629 1899 696 1952 dum
722 1914 786 1952 cum
808 1896 856 1953 Ca.
878 1901 994 1964 Pompei
1016 1905 1150 1964 quaestor
1172 1899 1280 1966 suisset

140 1967 297 2021 orationem
312 1968 344 2020 in
360 1972 424 2031 topa
436 1966 560 2021 candida
571 1966 695 2020 habitam
721 1965 908 2032 tribunusque
916 1966 1012 2032 plebei
1020 1966 1281 2023 altCLXXXVII

139 2040 260 2088 enarrat
279 2052 306 2098 p.
328 2038 361 2085 88
383 2033 414 2100 Q.
438 2033 559 2089 Gallium
578 2052 596 2087 a
619 2033 695 2088 Cice·
721 2033 828 2096 leqibus
841 2035 907 2088 latis
916 2035 1278 2102 popularibusetcollepae

139 2117 209 2156 rone
237 2101 389 2168 defensum
417 2117 480 2156 esse
504 2103 592 2156 tradit
615 2118 695 2157 reum
721 2104 925 2156 intercessione
941 2109 1087 2168 perempta
1111 2105 1141 2156 in
1162 2106 1279 2170 optimo-

139 2170 267 2228 ombitus.
282 2170 358 2234 quod
370 2169 513 2224 aedilitate
528 2170 649 2237 functus
668 2188 694 2224 u.
721 2171 933 2224 tiuminuidiam
944 2172 1161 2230 incucurrisset.
1173 2172 1278 2235 defun-

137 2237 348 2300 DCLXXXVI
363 2255 427 2293 cum
443 2238 549 2293 bestias
570 2254 628 2292 uon
643 2238 694 2292 lta·
721 2243 784 2292 ctus
801 2240 970 2303 maqistratu
992 2256 1018 2292 a.
1035 2237 1202 2303 ItCLXXX
1206 2239 1283 2294 VIII

137 2307 257 2370 buissel,
284 2311 350 2372 post
383 2322 489 2361 atinum
521 2306 695 2361 candidatus
721 2321 790 2360 reus
812 2306 911 2372 facttts
935 2312 978 2360 est
1001 2307 1061 2370 leqe
1086 2305 1218 2361 Cornelia
1243 2308 1277 2362 dc

135 2380 293 2439 praeturae
310 2373 408 2428 ludum
427 2373 629 2440 pladiatorium
646 2375 693 2428 de·
721 2375 876 2429 maiestate.
902 2375 954 2427 sed
966 2380 1023 2428 tum
1035 2375 1146 2439 quidem
1161 2373 1192 2428 L.
1210 2374 1277 2429 Cas·

137 2443 179 2496 dit
187 2443 268 2507 patri
278 2457 309 2496 se
321 2456 385 2497 eum
396 2441 532 2496 bonorem
544 2441 616 2495 dare
625 2458 693 2506 pro·
720 2443 762 2494 sio
773 2447 909 2506 praetore
920 2443 1101 2507 qratipicante
1118 2449 1145 2496 et
1156 2441 1276 2497 Manilio

136 2511 244 2576 fessus.
274 2526 358 2576 quam
376 2510 408 2564 ob
426 2525 485 2564 rem
503 2528 520 2562 a
533 2508 571 2564 M.
586 2508 693 2564 Calidio
720 2509 834 2564 tribuno
840 2510 880 2575 pl.
890 2526 953 2564 cum
963 2511 1059 2575 operis
1068 2511 1277 2566 interueniente

137 2583 252 2632 oratore
265 2577 458 2632 eruditissimo
471 2579 501 2631 in
514 2579 560 2632 ius
573 2585 693 2633 uocatus
720 2583 904 2632 accusatores
919 2578 1015 2643 suqoti
1030 2582 1106 2632 sunt·
1121 2593 1276 2645 nomenque

137 2653 179 2700 est
209 2651 259 2699 aut
282 2646 449 2708 drsiqnatus
471 2651 592 2710 praetor
616 2663 691 2700 anrm
721 2643 835 2699 Corneli
846 2647 881 2699 dc
899 2648 957 2700 rcis
973 2652 1142 2711 exemptum.
1164 2662 1275 2712 proan-

136 2712 302 2768 DCLXXX
307 2712 381 2767 VIII
392 2719 442 2767 aitt
453 2715 480 2767 si
491 2713 585 2768 morbo
598 2715 692 2768 aliaue
720 2729 762 2766 mo
776 2728 845 2767 aero
863 2729 939 2767 cantio
956 2715 1048 2767 denseo
1066 2716 1096 2766 in
1113 2715 1159 2768 ius
1173 2715 1276 2769 ductus

136 2783 248 2836 ratione
260 2787 418 2835 eacstsatus
430 2783 565 2835 iudicium
578 2788 635 2835 tum
648 2782 691 2848 ef-
719 2786 746 2833 ot
775 2799 792 2834 a
820 2781 1001 2846 principibus
1025 2783 1151 2836 ciuitatis
1175 2787 1277 2836 contra

135 2848 690 2916 fuqerut,expraeturaa.ItCLXXXX.
719 2849 956 2903 candicantibus
974 2851 1134 2903 testimonia
1154 2865 1276 2914 pressus

134 2919 279 2982 posterius
296 2917 349 2971 boc
366 2924 476 2984 tempus
488 2918 632 2972 Asconius
649 2920 692 2972 in·
718 2922 768 2978 cst,
787 2916 927 2982 defensus
944 2918 1097 2983 quatriduo
1108 2935 1125 2970 a
1139 2915 1275 2973 Cicerone

136 2987 251 3049 dicauit,
267 3000 366 3040 uerum
380 3001 469 3052 neque
485 2987 547 3052 ipse
568 2986 692 3052 fidenter
718 3000 827 3039 summa
840 2991 902 3039 arte
915 2987 1092 3048 nescientia,
1105 2987 1274 3052 quasactio-

136 3055 318 3108 asseuerauit
341 3059 369 3107 et
392 3053 472 3107 nobis
496 3053 589 3120 aliquo
611 3055 691 3108 modo
719 3059 851 3118 nespost
869 3055 990 3108 induas
1009 3052 1107 3107 Cicero
1129 3056 1274 3108 orationes

135 3136 198 3176 eum
210 3136 328 3176 errasse
340 3126 471 3186 apertum
488 3127 539 3176 est.
568 3138 633 3175 nom
648 3121 690 3175 Ci-
718 3120 842 3174 coutulit.
860 3137 959 3175 earum
969 3121 1106 3187 reliquiae
1116 3137 1179 3175 eum
1186 3121 1274 3176 Asco-

60 3213 63 3217 ·
135 3205 201 3243 cero
214 3205 286 3255 quae
298 3189 462 3243 consularis
475 3189 648 3244 candidatus
661 3192 690 3244 in
719 3190 749 3240 ni
764 3191 919 3242 summario
942 3189 1075 3253 lepuntur
1100 3190 1178 3255 opud
1194 3187 1274 3257 Orel-

137 3255 286 3311 Catilinam
309 3258 383 3311 atatt
408 3256 478 3312 alter
500 3256 606 3311 Induxit
629 3273 690 3310 euin
717 3255 785 3308 tium
797 3254 866 3309 III]
874 3273 901 3322 p.
915 3261 977 3309 932.
1003 3259 1116 3311 tertium
1133 3273 1171 3310 an
1187 3273 1274 3323 quar·

135 3341 216 3391 quem
235 3325 328 3392 potuit
345 3332 375 3378 ut
393 3331 507 3392 repente
523 3323 689 3390 gladiatores
717 3329 774 3377 tum
787 3322 879 3377 locum
890 3323 1040 3378 Cornelius
1052 3326 1081 3378 in
1094 3324 1149 3378 bac
1159 3340 1272 3380 enume-

136 3392 240 3460 popuio
254 3408 308 3446 non
322 3390 428 3446 debitos
442 3391 629 3458 polliceretur,
645 3391 691 3447 bis
717 3393 828 3446 ratione
851 3393 975 3446 tenuerit
998 3392 1121 3455 dubites,
1147 3396 1273 3447 atcerte

136 3459 232 3514 uerbis
249 3460 391 3514 Asconius
408 3475 472 3513 cum
490 3460 585 3513 uideri
601 3460 689 3514 adao-
717 3475 773 3513 uon
798 3465 940 3525 repuqnat
967 3461 1048 3513 tertio
1078 3475 1175 3514 rerum
1201 3475 1273 3526 quas

134 3529 206 3582 tauit
227 3527 385 3594 siqnificari
407 3526 437 3592 Q.
463 3525 583 3580 Gallium
608 3543 690 3594 quem
717 3527 842 3581 narraui
852 3528 930 3582 ordo.

136 3603 229 3663 postea
249 3611 325 3650 reum
343 3591 460 3649 ambitus
478 3591 611 3655 defendit,
634 3610 691 3648 non
759 3592 907 3648 Coruinum
934 3595 1066 3660 quartum
1093 3595 1272 3659 quemaaus

132 3661 691 3729 potestuirumclarissimumnonfefel-
716 3665 901 3716 commentari
919 3681 948 3728 p.
975 3667 1009 3713 37
1033 3669 1060 3717 et
1083 3662 1272 3719 Drumannus

133 3730 201 3784 lisse
220 3732 362 3785 meritoria.
395 3745 493 3796 nempe
517 3745 566 3786 eos
591 3728 689 3784 Cicero
712 3729 875 3794 probarunt
898 3730 1041 3785 nobilitate
1066 3747 1100 3785 ac
1120 3730 1272 3796 splendore

132 3796 308 3858 plodiotores
320 3803 520 3852 commemorat
531 3813 601 3863 quos
615 3795 689 3851 Cati·
716 3799 861 3852 occaecati
876 3797 1090 3853 Messallnrum.
1122 3799 1272 3854 euidenter

133 3862 693 3920 aaaamchXXJXuetbcLXXXX
715 3867 789 3918 enim
802 3866 908 3920 corciui
920 3868 1095 3932 scripturam
1107 3866 1179 3921 male
1189 3867 1272 3923 littel-

135 3936 165 3984 ut
186 3932 289 3997 populo
313 3935 485 3999 nescioquis
505 3933 689 3998 polliceretur
714 3932 815 3987 lectam
827 3933 941 3987 librarii
952 3935 982 3988 in
995 3935 1071 3988 corni
1087 3934 1164 4001 quod
1178 3936 1272 3990 codex

133 3997 271 4066 effecerit,
288 3999 397 4054 Gallius
410 4016 480 4054 uero
498 4016 566 4054 suos
579 4001 687 4063 qladia-
716 4001 866 4056 Leidensis
878 4000 962 4056 babet
974 4018 1037 4057 cum
1047 4009 1209 4058 curuatura
1221 4017 1270 4057 su-

133 4073 210 4122 tores
223 4072 289 4121 ante
299 4065 689 4134 annumDCLI'XXIXnon
713 4083 767 4132 per
783 4068 792 4120 i
807 4069 888 4134 flexa
900 4075 927 4123 et
944 4086 966 4125 c.
981 4070 1096 4124 orcIniui
1109 4071 1183 4136 quod
1198 4069 1270 4124 Tur·

131 4137 305 4200 promiserat
325 4134 415 4189 solum
437 4136 589 4190 sedetiam
606 4137 688 4191 calii-
716 4135 804 4192 nebus
832 4137 943 4203 leperat
969 4143 996 4192 et
1024 4137 1131 4192 corbini
1157 4138 1270 4204 formas

132 4203 240 4257 bueral.
264 4203 371 4257 Ascani
391 4203 478 4268 iqitur
499 4205 688 4259 testimonium
715 4209 926 4259 conuerterant.
955 4211 1080 4260 notatum
1097 4212 1190 4259 autem
1206 4209 1271 4260 erat

132 4271 269 4325 concedat
286 4285 402 4324 necesse
419 4276 462 4325 est
479 4269 577 4336 Quinti
593 4278 688 4326 aucto·
714 4287 749 4326 ea
773 4273 921 4339 scriptura
938 4272 965 4328 C.
985 4272 1077 4327 brciui
1101 4286 1202 4327 nomen
1223 4272 1270 4327 uel

132 4341 213 4393 ritati
234 4356 290 4404 qua
306 4337 430 4391 tabitam
446 4352 510 4392 esse
529 4339 688 4404 persuade·
714 4340 789 4403 quod
804 4355 819 4394 e
835 4341 968 4396 Palatino
988 4340 1130 4395 Gruterus
1143 4341 1270 4395 enotauit

132 4412 180 4461 tur
209 4424 235 4462 a.
252 4404 430 4462 -thtffl
435 4404 512 4463 VIII
531 4407 688 4462 orationem
715 4407 742 4462 b.
759 4405 889 4465 Orchiuii.
918 4406 1042 4464 Orciuios
1060 4407 1119 4463 dici
1133 4409 1200 4477 quia
1213 4422 1269 4478 per
