2970 5010
226 322 369 393 4„

225 505 325 563 nenda
342 507 420 580 (26).
442 511 471 563 et
484 503 623 579 quoniam
645 502 739 564 tribus
760 501 848 566 rebus
869 517 1010 567 maxume
1031 504 1074 567 ad
1088 499 1286 583 saffrapandi
1306 515 1367 568 stn-

226 607 278 666 dia
300 607 432 666 immines
454 607 616 681 ducentum
641 607 789 680 beneficiis
811 611 878 684 (21)
901 627 954 684 spe
970 596 1037 683 (22)
1061 612 1230 693 noluntaria
1252 613 1369 669 ratione

228 710 320 783 (23),
342 709 604 784 perpendendam¹
617 726 688 768 *esse
719 712 966 782 quemadmodum
992 713 1099 784 cuique
1130 713 1237 771 aarum
1263 714 1371 785 peneri

224 812 407 870 inserviatur
421 811 536 883 etquid
550 826 570 868 a
585 828 702 886 quoque
716 818 889 886 expectetur
912 815 993 888 (24).
1017 829 1118 872 uerum
1140 815 1229 872 etiam
1250 815 1371 886 acquiri

222 929 309 986 posse
331 915 451 988 inipso
470 913 611 986 petitione
633 915 781 973 amicitias
803 915 872 988 (25)
895 915 984 988 idque
999 915 1106 974 Marco
1125 914 1278 989 perfacile
1297 914 1368 986 sore

224 1014 294 1089 (26)
325 1016 508 1089 praesertim
541 1031 608 1074 cum
642 1017 775 1074 amicitia
807 1019 1031 1090 competitorum
1065 1017 1281 1076 contemnenda
1302 1024 1368 1087 *aut

141 1144 144 1153 ·
220 1115 373 1189 sapienda
393 1119 432 1176 sit
451 1122 540 1189 atque
562 1118 706 1176 Antonius
724 1118 892 1191 adiunpere
913 1119 1044 1177 nomines
1065 1120 1108 1177 ad
1125 1120 1287 1178 amicitiam
1306 1134 1365 1176 om-

224 1220 294 1276 nino
316 1235 379 1282 non
400 1220 497 1294 possit
522 1219 574 1289 (27
600 1222 661 1292 28).
707 1222 806 1292 ltaque
832 1222 984 1279 centurias
1012 1236 1111 1279 omnes
1132 1219 1239 1279 Marco
1260 1219 1367 1278 suadet

224 1325 257 1378 at
276 1321 377 1379 multis
398 1321 538 1379 amicitiis
560 1319 669 1378 habeat
689 1322 882 1392 confirmatas
905 1319 981 1397 (29),
1006 1329 1038 1381 ut
1059 1325 1258 1396 amplectatur
1280 1337 1366 1379 sena-

224 1430 303 1480 tores
329 1422 451 1495 equites
466 1429 579 1480 ceteros
605 1421 739 1495 ordines,
772 1425 862 1481 etiam
889 1422 1042 1483 libertinos
1069 1425 1099 1481 in
1124 1423 1196 1495 soro
1225 1420 1365 1489 versatos,

161 1530 163 1534 ’
223 1523 325 1580 urbem
343 1529 448 1597 atatam,
472 1525 599 1596 eollepia
620 1509 714 1596 papas
735 1526 824 1597 uicos,
847 1532 950 1598 postea
973 1531 1063 1584 totam
1085 1524 1220 1598 Italiam,
1237 1506 1367 1583 nomines

222 1628 254 1684 in
286 1627 457 1700 municipiis
486 1626 635 1699 pretiosos
665 1625 719 1696 (32
748 1629 799 1699 31)
827 1626 914 1698 atque
945 1626 1000 1684 ieoc
1032 1627 1118 1684 modo
1149 1627 1294 1687 studiosos
1320 1626 1368 1683 sai

222 1729 327 1785 multos
359 1729 517 1786 constituat
546 1729 576 1784 in
609 1729 752 1786 centuriis
779 1727 907 1786 tributim
936 1727 1089 1802 discriptis
1117 1730 1195 1803 (32).
1238 1728 1366 1800 equitum

223 1829 350 1902 dompne
379 1827 529 1902 saffrapia
558 1830 646 1887 etiam
671 1827 799 1899 facilins
822 1836 912 1902 posse
944 1829 1070 1888 obtineri
1097 1831 1174 1903 (33).
1225 1829 1366 1888 utendam

222 1936 321 1989 autem
349 1946 412 1988 2332
439 1938 472 1990 ut
500 1934 643 2011 quantum
671 1933 703 1989 in
730 1944 835 2004 eampo
863 1932 969 1990 uirium
992 1930 1118 1991 Morcus
1146 1930 1301 1992 habituras
1328 1931 1366 1988 sit

221 2039 291 2092 ante
313 2038 464 2114 appareat
484 2033 637 2092 cotidiana
656 2034 863 2106 plurumorum
886 2035 1081 2093 assectatione
1105 2034 1190 2107 (34),
1214 2035 1300 2092 euius
1321 2033 1387 2090 rei,

222 2143 281 2193 tres
308 2113 371 2193 2332
399 2141 505 2207 partes
532 2134 739 2209 mapnitudine
767 2132 852 2205 offici
879 2133 1014 2195 diuersos
1044 2136 1193 2209 aliamque
1219 2136 1365 2192 rationem

220 2238 416 2296 salutatorum
440 2237 508 2310 (35)
532 2239 623 2295 aliam
639 2236 839 2314 ,deductorum
864 2237 931 2311 (36)
955 2238 1047 2296 aliam
1070 2243 1284 2295 assectatorum
1306 2239 1366 2294 siae

158 2333 162 2344 ’
220 2339 456 2397 voluntariorum
479 2341 540 2398 siae
561 2339 613 2412 qui
633 2337 761 2397 debeant
780 2354 921 2397 maxume
942 2340 1062 2413 quoda
1086 2339 1226 2398 Cicerone
1248 2336 1368 2412 defensi

220 2443 279 2499 sint
303 2441 355 2512 (37
379 2445 442 2515 38).
479 2441 794 2520 connuncupandum
816 2457 879 2500 esse
900 2457 937 2498 ne
958 2442 1024 2514 quis
1046 2447 1153 2499 temere
1174 2441 1290 2499 amicus
1303 2455 1366 2497 esse

220 2543 365 2601 credatur
388 2542 465 2616 (39).
503 2542 630 2616 denique
651 2544 815 2602 amicorum
837 2543 943 2601 studiis
963 2544 1127 2602 constitutis
1148 2544 1236 2601 etiam
1259 2542 1365 2600 adoer-

220 2645 370 2703 sariorum
394 2659 524 2717 penora,
554 2659 645 2702 anum
673 2659 747 2716 quos
769 2644 894 2704 lllarcus
915 2646 1045 2712 laeserit,
1074 2646 1202 2704 alterum
1230 2645 1283 2716 put
1302 2645 1373 2701 sine·

220 2762 330 2805 caussa
351 2761 418 2805 eam
440 2762 500 2805 non
522 2753 630 2814 ament,
655 2748 774 2805 tertiam
795 2748 848 2819 oui
872 2749 1092 2821 competitorem
1115 2748 1243 2818 aliquem
1266 2751 1365 2804 ament

221 2848 407 2908 obseruanda
429 2853 459 2905 et
479 2848 523 2906 ad
542 2849 704 2906 amicitiam
726 2848 898 2906 reuocanda
920 2864 982 2906 esse
1001 2848 1086 2920 (46).
1130 2846 1228 2904 altera
1247 2847 1364 2918 petilio·

220 2952 266 3008 nis
282 2967 362 3025 pars
384 2951 414 3008 in
434 2951 581 3023 populari
601 2951 717 3007 ratione
731 2955 868 3007 uersatur
883 2950 965 3022 (21).
994 2950 1026 3007 in
1047 2963 1107 3022 qua
1123 2964 1199 3022 opus
1219 2963 1282 3006 2332
1297 2947 1364 3022 pri-

218 3068 296 3111 mum
319 3053 567 3118 nomenclatione,
591 3050 701 3109 deinde
722 3050 868 3109 blartditid
891 3051 977 3124 (22),
1001 3057 1060 3109 tum
1083 3050 1260 3109 assiduitate
1282 3050 1362 3121 (23),

220 3160 282 3213 tum
304 3153 485 3225 benipnitate
507 3168 664 3227 quaecum
681 3154 820 3226 inopere
839 3138 1048 3226 peroolpanda
1064 3158 1093 3211 et
1113 3150 1365 3210 communicanda

220 3271 360 3313 maxume
381 3262 544 3333 appareat,
567 3271 626 3314 non
645 3254 834 3328 parcendum
856 3271 919 3314 esse
937 3255 1091 3328 promissis
1113 3255 1202 3330 (22),
1224 3255 1269 3310 sin
1292 3251 1367 3325 qaid

214 3364 342 3432 petatur
364 3358 445 3431 quod
467 3356 577 3428 facere
598 3355 724 3415 Morcus
745 3371 803 3415 non
825 3363 920 3429 queat,
944 3362 997 3414 aut
1016 3357 1096 3415 belle
1111 3356 1281 3428 nepondum
1304 3370 1365 3413 esse

221 3461 291 3534 (25)
314 3465 368 3520 aut
389 3460 464 3518 adeo
478 3458 684 3530 ‚mentiendum
707 3460 777 3532 (46)
795 3459 822 3517 si
835 3459 952 3532 quidem
972 3460 1110 3533 polliceri
1129 3458 1175 3517 uel
1195 3474 1262 3517 curn
1284 3473 1363 3514 men·

219 3562 309 3621 dacio
335 3564 432 3633 mapis
452 3561 601 3621 conducat
628 3545 668 3620 in'
677 3563 855 3636 popularem
881 3559 1000 3631 samam
1029 3576 1118 3633 quam
1134 3561 1232 3635 plane
1252 3573 1364 3630 nepare
1437 3545 1440 3549 ⁴

222 3669 254 3734 (4
259 3667 383 3737 7-49).
411 3669 572 3737 praetereo
589 3678 663 3737 opas
677 3680 740 3722 2332
761 3677 881 3722 ramme
896 3662 939 3719 ad
952 3677 1037 3734 quem
1060 3676 1127 3719 cum
1149 3669 1249 3719 cetera
1264 3661 1363 3717 omnia

139 3822 140 3841 χ
219 3766 340 3822 ualeant
361 3765 434 3838 (56)-
454 3773 513 3824 tum
533 3764 628 3838 pletis
649 3765 784 3824 arbonae
805 3769 835 3822 et
857 3763 979 3836 Pompei
996 3761 1089 3833 fauor
1108 3763 1172 3834 (51)
1195 3769 1255 3819 tum
1276 3762 1365 3820 totins

217 3867 368 3941 petitionis
382 3867 525 3939 splendor
538 3868 820 3940 competitorumqae
833 3866 916 3923 mala
931 3864 1119 3922 existumotio
1134 3864 1215 3936 (52).
1238 3863 1365 3937 denique

167 3953 170 3960 ’
218 3983 300 4041 spem
321 3966 524 4041 reipublicae
546 3967 686 4027 Marcam
708 3967 815 4026 boream
835 3973 997 4040 praestare
1018 3965 1126 4024 debere
1148 3965 1228 4039 (53).
1272 3972 1365 4024 restat

220 4071 337 4128 tertium
359 4066 472 4127 ‘Roma
494 4069 553 4127 est'
575 4071 679 4128 ciuitas
700 4067 879 4127 insidiarum
902 4083 942 4128 ae
969 4068 1184 4126 malivolentiae
1210 4068 1363 4126 uitiorum·

221 4187 277 4245 que
294 4171 389 4244 plena
412 4166 451 4249 (ἒ
473 4174 541 4244 52).
584 4186 661 4243 quae
682 4171 764 4228 mala
786 4173 851 4228 cam
882 4169 1004 4229 dicendi
1020 4170 1121 4243 plania
1137 4171 1362 4244 propulsentur,

219 4274 396 4354 turpiliones
424 4274 647 4344 competitorum
676 4271 832 4345 dilipentia
858 4278 887 4330 et
914 4273 1093 4332 auctoritate
1118 4275 1148 4330 et
1173 4276 1251 4328 metu
1271 4268 1366 4329 iudici

223 4373 329 4452 iniecto
349 4388 435 4448 posse
456 4375 591 4432 coerceri
612 4374 776 4448 (55—57).
805 4374 881 4434 naec
894 4390 972 4450 puae
984 4375 1157 4451 perscripta
1171 4372 1215 4430 nd
1232 4369 1364 4444 fratrem
