2970 5010
203 339 245 402 42
606 355 727 414 ostrum
749 343 932 403 creationis

203 510 357 572 modandls
379 512 566 573 sermonibus
588 511 624 572 ad
648 530 697 572 eas
720 514 863 580 rationes,
893 519 1015 591 propter
1039 529 1112 588 spiras
1135 512 1261 590 quisque
1284 521 1346 572 stn-

203 621 304 713 diosus
331 624 374 683 tul
403 641 467 683 esse
493 622 654 691 videbitur,
683 623 873 700 significanda
903 641 971 700 erga
1000 621 1066 682 illos
1093 623 1159 700 pari
1188 620 1345 692 voluntate,
1387 660 1392 664 -

203 713 375 794 adducenda
403 734 530 793 amicitia
560 735 589 792 in
612 751 693 812 spem
718 731 922 793 familiaritatis
944 740 973 791 et
996 731 1219 793 consuetudinis
1241 734 1347 793 confir-

203 844 278 904 mari
300 841 457 923 oportebit.
501 845 597 922 Atque
619 845 650 902 in
673 843 719 902 nis
742 842 880 903 omnibus
903 842 1062 921 generibus
1082 842 1210 903 iudicato
1234 851 1263 903 et
1278 861 1346 923 per·
1441 899 1443 901 ,

201 954 323 1034 pendito
346 962 487 1033 quantum
510 956 637 1036 quisquc
659 955 760 1032 possit,
786 961 817 1014 ut
839 955 915 1014 scias
938 953 1215 1033 quemadmodum
1239 956 1371 1035 euiquca

152 1077 184 1124 24
203 1065 344 1125 inservias
368 1064 487 1142 etquid
511 1084 526 1125 a
550 1083 668 1145 quoque
691 1072 830 1143 expectes
852 1083 886 1124 ac
908 1064 1047 1149 postolos.
1094 1071 1162 1125 sunt
1185 1065 1263 1124 enim
1282 1066 1346 1144 qui·

204 1176 271 1236 darn
294 1176 430 1236 homines
453 1177 482 1235 in
506 1177 568 1236 suis
592 1174 788 1252 vicinitatibus
811 1183 839 1234 ot
855 1175 1023 1253 municipiis
1039 1176 1170 1252 gratiosi,
1195 1181 1264 1235 sunt
1279 1174 1345 1234 dili·

203 1293 307 1364 gentes
330 1295 359 1346 et
381 1287 501 1365 copiosi,
527 1287 577 1363 (lui
600 1287 735 1347 etiamsi
758 1293 843 1345 antea
866 1303 926 1345 non
948 1284 1127 1345 studuerunt
1140 1285 1209 1346 buic
1223 1287 1345 1362 gratiae,

203 1403 300 1456 tamen
325 1415 359 1454 ex
384 1403 518 1474 tempore
548 1395 703 1456 elaborare
726 1396 787 1455 cius
810 1414 912 1464 causa,
942 1395 989 1456 cui
1018 1394 1128 1455 debent
1156 1403 1206 1456 aut
1234 1395 1345 1462 volunt,

204 1506 289 1566 l'acile
311 1514 443 1586 possunt.
488 1507 535 1566 his
557 1507 709 1568 bominum
733 1505 893 1583 generibus
916 1506 959 1565 sio
980 1505 1200 1566 inserviendum
1225 1513 1284 1575 est,
1313 1515 1348 1574 ut
1360 1515 1395 1552 1⁰>

204 1618 259 1696 ipsi
287 1616 452 1694 intelligant
479 1623 509 1677 te
536 1617 636 1677 videre
665 1616 734 1694 quid
763 1636 778 1675 a
808 1633 924 1695 (tuoque
952 1624 1105 1695 expectes
1135 1617 1246 1676 sentire
1275 1616 1346 1695 quid

204 1729 339 1806 accipias,
360 1729 531 1788 meminisse
554 1727 623 1804 quid
646 1729 807 1807 acceperis.
853 1733 921 1786 sunt
936 1735 1032 1787 autem
1056 1725 1113 1797 alii,
1137 1728 1187 1804 spui
1207 1734 1258 1786 aut
1274 1724 1346 1785 nihil

204 1845 329 1916 possunt
357 1844 407 1898 aut
437 1839 524 1898 etiam
553 1838 621 1898 odio
650 1848 718 1898 sunt
746 1837 905 1898 tribulibus
933 1839 994 1898 suis
1021 1856 1077 1899 nec
1100 1837 1210 1898 habent
1232 1845 1345 1898 tautum

204 1951 293 2009 animi
316 1966 351 2008 ao
374 1947 527 2017 facultatis,
552 1955 584 2008 ut
606 1951 757 2009 enitantur
779 1967 814 2008 ex
838 1956 983 2027 tempore.
1030 1948 1084 2008 bos
1107 1956 1139 2008 ut
1162 1951 1345 2009 internosces

270 2191 286 2237 2
306 2186 488 2252 significando
509 2188 513 2251 Ι
533 2191 549 2239 3
567 2188 697 2238 amicicia
714 2184 717 2250 Ι
740 2187 791 2238 sa
812 2184 815 2238 l
837 2194 868 2240 10
887 2192 1005 2240 omnium
1025 2189 1029 2253 Ι
1050 2194 1080 2240 11
1099 2187 1136 2254 dl
1157 2192 1188 2239 14
1206 2189 1278 2238 inter
1296 2203 1346 2238 nos

204 2256 417 2309 calumniatores
436 2272 501 2322 spe:
520 2257 693 2306 internosces
711 2262 736 2305 et
754 2272 788 2305 ne
807 2256 831 2303 L
849 2259 991 2310 elaborato
1009 2276 1055 2324 epo

270 2483 285 2530 2
306 2496 366 2532 esso
384 2480 426 2529 tui
444 2482 453 2528 i
471 2483 504 2530 48
523 2483 554 2529 49
572 2483 605 2530 59
623 2483 664 2539 tui
681 2499 728 2534 44.
747 2485 756 2530 4
772 2485 865 2546 reliqui
882 2488 992 2546 excepto
1011 2484 1062 2531 124
1086 2479 1091 2544 Ι
1115 2485 1130 2532 3
1150 2480 1236 2548 spem]
1256 2485 1348 2546 spatie

203 2552 212 2598 l
230 2553 264 2599 39
290 2546 294 2610 Ι
320 2549 425 2598 5scias
444 2552 470 2596 et
489 2549 715 2612 quemadmodum
734 2552 758 2599 L
785 2547 789 2614 Ι
813 2552 828 2599 6
852 2557 880 2599 et
899 2567 948 2614 pro
971 2566 1004 2599 ac
1023 2552 1046 2599 L
1063 2557 1171 2614 praeter
1189 2554 1224 2601 36
1243 2554 1277 2601 38
1297 2556 1346 2602 117

203 2623 285 2682 atque
309 2617 334 2664 V
349 2618 375 2666 in
393 2617 441 2679 pao
458 2617 582 2681 frequens
599 2626 639 2667 est
658 2623 685 2667 et
703 2625 728 2668 et
746 2623 828 2682 atque
845 2621 1029 2682 particularum
1046 2621 1198 2682 pertractatio
1214 2617 1218 2681 Ι
1234 2619 1345 2684 quidam

203 2702 249 2737 om.
267 2687 276 2733 l
296 2689 312 2734 3
328 2683 332 2745 Ι
348 2687 363 2734 7
382 2685 545 2734 ciuitatibus
563 2684 587 2732 L
604 2695 710 2745 praeter
722 2688 755 2735 50
771 2685 775 2748 Ι
791 2688 806 2735 9
825 2687 903 2735 euius
922 2701 1007 2735 causa
1025 2686 1127 2736 debent
1146 2689 1204 2736 459
1224 2687 1228 2744 Ι
1250 2691 1278 2738 et
1296 2705 1345 2752 pre

203 2755 615 2802 44443484912744434
641 2752 645 2816 Ι
673 2754 835 2803 1241ἰί444
855 2756 1155 2804 4384849147127
1178 2755 1182 2817 Ι
1210 2758 1241 2805 13
1261 2757 1344 2806 etium

201 2829 261 2884 pest
279 2827 342 2868 sunt
359 2823 506 2871 collocatum
524 2827 561 2870 est
579 2823 604 2870 44
623 2825 632 2871 4
650 2826 667 2872 3
685 2825 718 2873 48
737 2825 768 2871 49
787 2820 856 2886 127Ι
873 2825 904 2872 14
923 2827 1036 2886 suipra
1056 2839 1089 2872 ao
1107 2824 1130 2871 L
1146 2819 1150 2886 Ι
1171 2827 1201 2872 ut
1216 2827 1346 2888 posterius

127 2893 130 2899 “
202 2905 249 2941 om.
267 2888 291 2936 L
307 2897 414 2951 praeter
432 2890 465 2939 48
483 2891 516 2937 49

203 3111 348 3168 admodum
369 3113 470 3181 cuique
487 3114 586 3169 borum
608 3112 702 3180 generi
724 3113 759 3167 sit
783 3118 849 3178 pter
866 3111 1039 3178 dilipentr'em
1063 3117 1090 3166 et
1113 3113 1211 3178 copias
1232 3111 1344 3168 studere

203 3179 409 3235 insermendum
421 3180 442 3250 ἕ
454 3187 487 3232 24
500 3188 527 3237 et
542 3183 590 3250 qui
603 3197 652 3249 spe
665 3189 760 3236 tenen·
784 3185 906 3246 possunt
923 3179 986 3234 nuic
1003 3180 1107 3246 gratiae
1123 3181 1206 3234 cuius
1224 3181 1263 3234 ad
1272 3183 1344 3246 peti·
1415 3185 1417 3199 '

204 3257 249 3302 tur
261 3247 337 3316 quod
350 3263 437 3314 genus
455 3250 594 3305 hominum
612 3249 700 3304 multo
718 3256 760 3302 est
787 3253 875 3303 iorem
883 3248 1158 3316 fructusreelundet.
1182 3248 1344 3304 hisduobus

204 3315 363 3383 diligentius
380 3314 400 3384 §
417 3323 451 3368 22
475 3324 502 3372 et
525 3319 552 3371 in
572 3317 613 3371 nis
633 3315 759 3371 omnibus
787 3315 928 3370 bominum
968 3314 1115 3380 generibus
1161 3321 1345 3381 4444444444

204 3383 760 3454 generibusiudicatoquantumquisquo
786 3385 922 3449 pretiosis
946 3384 1038 3437 odiosi
1060 3388 1110 3438 444
1137 3383 1209 3438 nibil
1231 3386 1344 3439 omnino

215 3452 292 3507 iussit
310 3450 378 3519 ι823
395 3458 423 3507 et
439 3454 481 3508 his
494 3453 635 3508 hominum
653 3452 760 3518 generi·
787 3452 929 3513 scalentes,
948 3451 1048 3506 alteris
1065 3453 1092 3504 ei
1106 3453 1222 3518 quinon
1235 3458 1350 3510 tentum.

203 3470 255 3575 bus
279 3518 299 3588 5
322 3525 371 3584 24,
396 3524 423 3575 si
445 3523 565 3588 denique
587 3536 761 3587 proxumam
786 3519 890 3574 babent
902 3521 993 3574 animi
1005 3535 1039 3574 aa
1050 3519 1200 3586 facultatis
1213 3526 1243 3574 44
1255 3519 1342 3574 bomi-

203 3589 278 3642 4444
290 3588 567 3658 444444444444444
577 3587 689 3654 agendis
700 3603 760 3654 gra·
788 3604 850 3642 nem
863 3588 1038 3642 ambitiosum
1051 3587 1196 3641 44444444.

205 3656 248 3710 tiis
261 3653 416 3710 confirmari
431 3655 577 3723 oportebit,
591 3656 761 3710 (adducimur
830 3660 863 3706 14
888 3656 939 3709 hos
961 3655 1132 3709 internosces
1153 3664 1179 3708 et
1198 3655 1291 3710 uidete
1310 3672 1344 3710 ne

204 3730 235 3778 44
252 3739 339 3790 genus
357 3740 414 3778 444
431 3725 592 3780 studiorum
608 3724 661 3777 sed
670 3723 758 3778 bomi—
787 3740 836 3788 spe
854 3723 921 3777 iibri
936 3721 1188 3786 Lupomersiniem'
1206 3723 1343 3789 4444444.

204 3807 270 3846 nem
294 3793 450 3847 amicorum
473 3791 677 3856 inteliepemus.
712 3794 761 3846 cni
786 3800 817 3846 ut
843 3796 1001 3844 seruarent
1028 3791 1096 3853 duo,
1125 3791 1199 3844 idem
1222 3792 1347 3846 omisere

202 3859 404 3925 inteliipentiee
416 3861 491 3926 quod
503 3859 581 3915 obest
592 3859 760 3914 uocabulum
787 3865 827 3921 et,
846 3873 915 3925 oues
933 3857 1014 3923 44444
1035 3859 1127 3912 secuti
1142 3864 1218 3912 sent.
1249 3858 1342 3914 uideto

203 3929 419 3994 subposterium
450 3928 586 3982 indicaui.
633 3927 759 3993 inferius
786 3932 879 3980 entem
896 3925 1015 3980 arbitrie
1036 3926 1221 3980 librariorum
1245 3931 1344 3981 netum

203 3996 278 4061 ruod
293 3995 397 4061 leniter
418 3994 569 4050 adducendi
592 3996 709 4050 uerbum
729 3996 759 4048 44
786 4011 843 4048 444
865 3994 1064 4059 comprobatur
1083 3992 1181 4058 Quinti
1201 4010 1278 4049 more
1303 3995 1342 4048 lo-

203 4063 290 4118 simili
305 4064 500 4118 enuntiatione
514 4063 615 4118 Liuius
633 4062 760 4117 adhibuit
786 4063 898 4127 eruendi.
925 4063 1036 4127 primae
1054 4063 1262 4127 coniurationis
1276 4077 1341 4116 uer·
1424 4124 1432 4129 ,

203 4130 220 4184 I
238 4135 282 4195 34,
301 4136 333 4182 12
353 4146 410 4186 eam
427 4131 553 4186 notitiam
569 4131 598 4184 in
619 4128 758 4185 familiaris
786 4130 849 4184 bum
866 4145 929 4183 arem
946 4131 976 4183 44
996 4135 1155 4184 monstroso
1173 4129 1343 4185 Bereiincn·

204 4198 337 4254 amicitiae
349 4199 408 4254 iura
421 4198 577 4254 adduxerat.
628 4208 638 4232 ⁸
786 4199 827 4252 sis
840 4197 906 4251 iibri
922 4197 1059 4251 uocabulo
1075 4196 1230 4262 pelleceet,
1249 4197 1342 4252 elauo·

245 4272 262 4318 4
279 4266 344 4321 huie
356 4266 469 4332 gratiae]
487 4269 694 4322 discernentur
706 4267 760 4320 eti·
786 4273 846 4320 rato
864 4266 1004 4331 quondam
1016 4266 1047 4319 id
1058 4261 1152 4331 fuisse
1165 4267 1276 4332 sumpsi
1286 4281 1344 4319 non

204 4334 245 4388 ies
268 4333 369 4389 Marco
392 4333 519 4389 homines
544 4335 577 4389 ab
603 4333 760 4389 inutilibus.
785 4339 1022 4399 arrepeeneteres
1042 4335 1227 4398 peruicaciae
1245 4335 1272 4388 si
1292 4333 1343 4387 aiii

206 4403 288 4460 rutiles
300 4409 368 4459 sunt
379 4408 430 4460 eet
441 4402 555 4472 gratiosi
573 4407 623 4457 eet
635 4403 683 4470 444
691 4417 759 4469 pre·
787 4409 882 4458 curato
893 4402 1139 4470 praeopteuerint.
