2970 5010
674 819 740 887 III

436 956 981 1130 Ascaonourcn

286 1372 421 1434 Flumina
445 1389 534 1432 verna
556 1373 635 1432 cient
658 1371 786 1432 obscuro
809 1371 920 1431 lumine
943 1372 1039 1448 pisces

286 1481 528 1559 curriculumque
552 1483 630 1541 aries
653 1473 759 1561 aequat
781 1482 934 1557 noctisque
957 1480 1088 1559 dieique,

222 1668 226 1677 Ι
286 1610 396 1654 cornua
419 1611 507 1671 quern
532 1592 676 1662 condunt,
701 1590 817 1651 ssorurn¹
831 1592 1020 1669 praenuntia,
1044 1583 1131 1650 tauri.

287 1703 426 1782 aridaque
450 1704 567 1762 aestatis
590 1703 700 1780 gemini
722 1699 884 1780 primordia
908 1699 1056 1779 prendunt

287 1811 511 1892 longaque-iam
535 1814 641 1872 minuit
663 1811 834 1888 praeclarus
857 1810 968 1870 lumina
991 1828 1099 1869 cancer

286 1922 519 2000 languificosque
542 1922 589 1981 leo
603 1922 719 2000 'proflat
742 1922 823 1982 serus
846 1940 897 2013 ore
924 1919 1046 1982 catores.

288 2033 508 2110 postmodium
532 2033 668 2109 quatiens
691 2033 773 2108 virgo
795 2031 875 2108 sugat
898 2039 961 2091 orta
985 2048 1133 2108 vaporern.

273 2144 420 2203 -autumni
443 2150 556 2203 reserat
579 2151 678 2220 {tortas
701 2149 863 2220 aequatque
887 2140 991 2200 diurna

289 2265 419 2332 ternpore
443 2254 597 2312 nocturnis
619 2251 758 2330 dispenso
781 2250 879 2310 sidere
901 2244 986 2310 libra.

219 2377 244 2415 10
288 2362 389 2449 effetos
412 2381 510 2423 rarnos
533 2360 662 2422 denudat
684 2361 801 2423 ilarnrna
825 2362 921 2438 nepai.

286 2475 369 2552 pigra
392 2474 598 2551 sagittipotens
621 2471 763 2532 iaculatur
786 2472 894 2548 frigora
920 2473 1017 2532 terris.

288 2581 392 2642 bruma
415 2582 483 2661 gelu
506 2582 636 2660 glacians
658 2580 745 2642 iubar
769 2592 814 2641 est
835 2582 952 2660 spirans
974 2582 1149 2659 capricorni,

203 2771 337 2832 inscriptio
355 2771 381 2818 in
403 2769 529 2819 Vossiano
552 2769 615 2818 daec
637 2775 676 2816 cst
699 2768 794 2829 Quinti
818 2766 960 2816 Ciceronis
983 2765 1011 2814 hi
1029 2781 1125 2816 uersus
1145 2781 1176 2816 eo
1195 2767 1279 2831 perti-

136 2842 203 2886 nent
220 2841 251 2885 ut
269 2835 340 2900 quod
362 2838 468 2901 signum
486 2851 539 2900 quo
558 2840 680 2899 tempore
697 2835 814 2885 inlustre
837 2835 873 2883 sit
890 2835 1047 2883 nouerimus
1065 2833 1137 2896 quod
1154 2835 1280 2898 superius

137 2921 244 2969 quoque
263 2904 364 2959 nostris
374 2904 500 2954 uersibus
520 2903 663 2968 expeditur
676 2904 711 2966 cf.
723 2920 749 2967 p.
760 2906 793 2952 20
808 2901 813 2966 Ι
828 2901 973 2952 3oondunt
983 2901 1115 2965 Scatiper:
1131 2907 1241 2951 comunt
1256 2902 1284 2949 V

138 2970 141 3033 Ι
161 2974 176 3021 6
194 2971 412 3036 languificosque
432 2973 571 3021 Pithoeus:
590 2969 821 3034 Languifiousque
844 2971 868 3019 V
881 2966 911 3031 ΙΙ
929 2970 955 3017 in
972 2968 1070 3032 proflat
1081 2971 1279 3033 superscriptum

140 3041 165 3087 V
186 3036 190 3104 Ι
215 3039 365 3088 'tmodium
388 3041 414 3088 V
425 3041 520 3102 'prima
537 3055 618 3101 manu,
637 3038 772 3088 modicum
789 3038 901 3087 secunda
927 3035 931 3096 Ι
960 3039 991 3086 10
1009 3035 1123 3086 effoetus
1141 3038 1279 3087 Pithoeus:

136 3109 171 3155 Et
189 3107 261 3156 fetos
283 3108 309 3155 V
339 3107 343 3168 Ι
370 3105 485 3156 dinudat
506 3108 532 3156 V
560 3105 563 3170 Ι
600 3107 630 3155 11
649 3113 707 3169 post
725 3107 805 3170 pigra
824 3120 900 3155 erasa
918 3106 1005 3153 littera
1023 3107 1048 3152 in
1071 3104 1098 3152 V
1120 3101 1124 3168 Ι
1155 3107 1185 3154 12
1203 3120 1235 3154 ns
1254 3107 1279 3153 in

137 3174 245 3239 spirans
262 3176 338 3237 paulo
357 3175 507 3224 obscuriora
529 3175 554 3247 V
567 3171 754 3238 {capricornii
776 3174 801 3222 V

206 3347 222 3393 3
242 3346 308 3408 ‘depe
326 3344 447 3394 condunt
465 3360 521 3392 nam
539 3344 655 3393 conditur
673 3344 742 3392 aries
759 3343 874 3391 ueniente
893 3346 979 3392 tauro’
999 3341 1114 3404 Scatiqer
1127 3338 1137 3406 Ι
1151 3346 1166 3390 7
1182 3343 1279 3392 modias

136 3417 200 3462 satis
224 3419 301 3476 aptus
319 3414 422 3461 uidetur
439 3413 537 3461 aestiuo
560 3412 667 3474 nirpinis
684 3412 756 3474 sipno
775 3426 839 3475 quac
857 3426 873 3458 a
891 3426 941 3459 non
954 3411 1028 3459 nullis
1040 3410 1119 3459 Ceres
1137 3409 1277 3472 dicebatur,

135 3497 152 3528 a
170 3480 208 3529 M.
230 3481 351 3530 Cicerone
374 3497 398 3528 u.
422 3482 470 3528 101
495 3479 633 3528 Gratianae
655 3479 774 3528 editionis
797 3479 901 3542 spicum
925 3476 1041 3527 inlustre
1065 3482 1164 3526 tenens
1186 3477 1280 3542 splen·

136 3548 214 3597 denti
243 3562 356 3611 corpore
384 3547 548 3608 describitur,
577 3548 646 3594 cuius
673 3553 751 3609 caput
777 3547 874 3595 nimium
900 3546 1030 3594 obscurum
1057 3547 1141 3594 uideri
1162 3546 1279 3609 lippinus

136 3616 226 3676 refert.
267 3617 392 3680 Meyerus
414 3617 604 3664 adnotationum
625 3630 651 3676 p.
676 3617 710 3662 27
732 3613 866 3662 modicum
891 3612 1020 3676 quatiens
1041 3614 1106 3662 idem
1129 3628 1184 3662 esse
1202 3614 1279 3674 nutriit

137 3685 204 3747 quod
221 3684 347 3732 mediocre
366 3685 444 3732 lumen
463 3684 588 3738 emittens,
611 3680 776 3730 inmodicum
796 3682 912 3730 aestatis
930 3681 1008 3744 uirgo
1028 3680 1106 3744 fugat
1124 3684 1185 3729 orta
1203 3684 1279 3745 tepo-

136 3766 193 3798 rem
217 3752 274 3799 tusit
297 3750 419 3799 Heinsius
449 3747 458 3814 ΙΙ
488 3753 503 3797 9
525 3748 688 3812 dispensans
710 3748 890 3797 Burmannus:
913 3750 1024 3797 utillud
1046 3764 1095 3796 non
1118 3749 1243 3797 diuersum
1264 3765 1280 3794 a

137 3815 268 3881 dispenso
287 3817 441 3882 dispessoue
459 3818 521 3866 dene
539 3819 656 3866 conuenit
673 3817 700 3865 in
717 3816 809 3866 adstas.
830 3817 905 3864 aliter
922 3831 950 3865 se
967 3815 1042 3865 itabat
1060 3817 1128 3880 qnod
1144 3818 1169 3863 in
1187 3816 1225 3864 M.
1239 3814 1278 3864 Ci-

137 3888 239 3934 ceronis
252 3885 356 3934 Arateis
370 3886 456 3949 Arpns
472 3885 649 3948 padernactum
666 3883 791 3946 disperso
810 3882 911 3932 lumine
927 3883 1029 3946 seipsas
1047 3885 1141 3932 dicitur
1153 3879 1163 3946 ΙΙ
1176 3886 1209 3932 12
1225 3899 1282 3931 uer·
1318 3901 1321 3906 ¹

135 3968 179 4001 sus
202 3958 347 4016 corruptus.
378 3970 433 4002 nam
456 3955 519 4001 neate
537 3952 659 4015 Meyerus
682 3966 730 4015 quo
754 3954 796 4000 est
819 3951 927 4014 spirans
946 3952 1110 4000 trinitatatem
1129 3953 1178 3999 nisi
1194 3951 1281 4013 spirat

136 4022 290 4077 ostenderet,
315 4020 402 4069 Marci
418 4035 516 4069 seersum
539 4022 675 4069 aduocauit
698 4019 772 4067 tatem
794 4019 908 4067 aestifer
927 4023 968 4067 est
994 4018 1118 4082 pandens
1142 4018 1283 4068 feruentia

138 4088 229 4137 sidera
253 4102 362 4136 cancer.
404 4089 525 4136 Heinsius
551 4085 615 4151 gelu
642 4086 783 4151 glaciante
811 4087 889 4135 iubar
917 4087 1006 4150 spirat
1028 4094 1213 4150 proposuerat,
1238 4086 1280 4134 Ia-

138 4171 183 4204 nus
208 4156 342 4204 Heluetios
366 4154 448 4204 Getas
472 4154 598 4219 glacians
626 4153 706 4202 iubar
738 4155 869 4217 exspirat,
897 4171 913 4202 a
940 4171 988 4218 quo
1018 4155 1140 4216 exspirat
1171 4155 1277 4212 accipio.

135 4225 232 4273 bruma
259 4223 324 4287 gelu
352 4222 479 4287 glacians
508 4223 621 4286 poeninis
649 4223 739 4270 tundde
767 4223 836 4271 dicta
867 4230 948 4271 trrrrren
979 4221 1126 4274 tolerabilia*
1151 4223 1279 4281 uidentur,

136 4293 215 4353 mepte
238 4293 312 4339 ctiam
335 4307 407 4356 qrram
429 4292 455 4339 si
476 4291 604 4351 triplicato
627 4291 723 4338 nomine
750 4289 846 4338 bruma
869 4289 932 4353 gelu
956 4289 1062 4354 glacies
1088 4288 1169 4336 iubar
1190 4287 1280 4351 exspi-

137 4363 200 4412 rant
233 4359 389 4423 capricorni
415 4360 507 4422 teperis
538 4357 749 4423 subiunxerisque
776 4374 829 4406 cum
854 4358 961 4408 Heinsio
990 4371 1078 4420 quem.
1124 4357 1281 4420 respondent
