2970 5010
213 342 252 407 18

212 521 245 575 ut
271 515 422 575 haesitare
448 531 510 574 sese
537 517 568 573 in
596 521 723 588 uterique
751 531 785 573 re
812 513 968 581 ostendat,'
991 530 1080 588 quam
1110 516 1194 588 ipsae
1214 531 1263 573 res
1285 515 1359 588 quid

212 607 296 676 inter
310 633 342 676 se
363 616 480 675 distent.
518 617 556 675 de
577 624 715 690 quattuor
736 619 828 689 iqilur
850 617 913 674 istis
934 616 1013 674 dirue
1034 622 1123 674 crum
1144 613 1266 676 Electra
1287 617 1357 675 olim

152 748 157 754 ·
212 719 251 779 ab
273 717 416 793 Sophocle
437 722 471 776 et,
487 718 635 792 Euripide
657 719 827 790 Romaeque
854 718 892 775 ab
920 719 1009 776 Atilio
1035 719 1067 776 in
1093 733 1232 776 scaenam
1255 718 1357 777 delata

212 827 241 880 et
261 836 298 879 eu
319 821 405 879 cuius
426 833 530 878 nomen
553 827 701 893 utsupra
721 820 809 892 posui
828 824 1001 892 corruptum
1028 818 1058 877 in
1080 819 1216 878 Medicco
1237 821 1355 892 lepitur,

213 918 345 989 Troadas
363 919 461 992 fuisse
482 920 657 980 Schuetzius
684 928 713 979 el
739 921 978 993 Wesenberqius‚
1008 918 1141 979 Troilum
1169 920 1358 980 Fritzschius

212 1027 301 1096 utque
330 1023 476 1081 Vscuerus
496 1027 664 1082 statuerunt
684 1037 742 1081 non
764 1025 837 1080 sutis
856 1022 1059 1095 probabiliter,
1082 1024 1221 1095 quonium
1236 1023 1267 1080 in
1281 1037 1357 1081 cor-

209 1139 285 1198 pore
305 1123 442 1183 vocabuli
458 1122 585 1194 facilius
606 1139 695 1197 quam
717 1127 748 1182 ln
770 1125 853 1182 cuitu
874 1123 1014 1183 librarios
1033 1140 1177 1198 peccasse
1197 1123 1355 1182 eredimus.

213 1229 355 1300 quocirca
377 1225 624 1299 quemadmodum
645 1229 776 1302 trapetas
798 1226 829 1282 in
851 1225 1001 1284 codicibus
1015 1226 1109 1283 indere
1124 1232 1166 1285 est
1180 1226 1271 1299 Apici
1283 1223 1358 1282 libra

212 1334 296 1386 scuto
316 1329 369 1400 qui
389 1327 427 1385 de
448 1327 547 1385 auium
568 1327 698 1401 opsoniis
715 1325 779 1397 fuit
800 1331 962 1404 atropatus,
985 1329 1029 1386 sic
1052 1325 1165 1385 tradam
1180 1332 1357 1398 retorquen-

213 1429 284 1488 dam
306 1444 368 1487 esse
387 1428 494 1502 opinor
515 1430 546 1487 in
568 1425 713 1504 Aeropum
742 1427 822 1499 quod
847 1443 952 1486 nomen
979 1443 1126 1511 nusquam
1149 1426 1220 1500 fere
1240 1425 1357 1485 scribac

213 1547 272 1590 non
292 1529 452 1602 fallaciter
473 1530 636 1596 uiolarunt,
667 1535 699 1587 ut
721 1530 781 1586 iam
804 1528 946 1598 Nicoluus
968 1529 1108 1589 Heinsius
1129 1528 1295 1588 observarit
1315 1527 1359 1586 ud

215 1631 304 1691 Ouidi
316 1632 444 1690 tristium
466 1629 505 1688 II
517 1635 585 1703 sot,
616 1629 796 1690 creberrime
817 1632 863 1689 illi
883 1631 1000 1704 quidem
1023 1632 1060 1689 ab
1084 1647 1174 1708 eropa
1197 1630 1358 1690 declinan-

213 1740 254 1793 tes
275 1735 307 1791 in
330 1748 482 1810 europam.
521 1731 670 1806 Aeropum
691 1738 720 1790 et
736 1731 851 1804 Aqalho
869 1731 1010 1803 fabulam
1024 1734 1220 1807 inscripserat
1232 1738 1261 1791 et
1276 1732 1359 1791 Car-

212 1837 310 1902 cinus,
340 1834 417 1892 idcm
445 1828 660 1906 arqumcntum'
682 1834 712 1890 in
745 1831 867 1906 Thqestc
893 1832 1052 1907 Sophocles
1079 1835 1299 1908 Euripidesque
1326 1835 1357 1892 in

214 1936 326 1995 Cressis
351 1940 573 1994 tractaverunt:
601 1936 704 2008 quales
732 1935 904 2007 trapoedias
931 1934 1044 1994 Romae
1070 1937 1219 1995 lectitatas
1244 1951 1358 2008 usuque

212 2041 300 2097 tritas
329 2036 426 2109 fuisse
458 2036 578 2095 abunde
611 2036 785 2104 declaratur
819 2035 963 2095 Ouidiuno
1000 2053 1085 2110 quem
1117 2037 1251 2096 indicaui
1284 2038 1355 2095 loco.

213 2133 323 2208 πάθος
345 2145 442 2196 aulem
464 2135 590 2210 infuisse
611 2139 642 2196 in
664 2138 723 2196 hac
744 2139 872 2196 materia
898 2140 1105 2211 pravissimum
1133 2154 1200 2197 cum
1221 2155 1262 2197 eu
1280 2155 1357 2213 per-
1462 2143 1466 2155 “

212 2243 329 2314 uolunta
344 2244 563 2312 contestataque
574 2237 701 2310 fabulae
715 2241 832 2298 ratione
846 2245 905 2297 tum
920 2257 960 2299 cu
974 2254 1009 2303 eo
1019 2242 1114 2299 elucet
1125 2239 1205 2314 quod
1216 2240 1357 2298 Alexan-

213 2344 269 2401 der
294 2342 493 2401 Pheraeorum
515 2347 663 2416 tqrannus
682 2339 889 2411 ferocissimus
911 2341 949 2399 ab
964 2342 1090 2401 Aeliano
1112 2322 1259 2401 uarsshr'st.
1275 2339 1362 2398 XIV
1386 2402 1388 2407 ⁴

207 2452 255 2520 Ab
275 2449 422 2502 narratur
447 2440 600 2501 Theodoro
621 2442 763 2500 histrione
785 2441 934 2518 Aeropum
963 2447 1070 2516 aqente
1091 2437 1226 2522 σφόδρα
1250 2435 1358 2519 ἐμπα-
1441 2442 1444 2450 ’

214 2545 285 2616 θῶς
310 2543 423 2618 effusus
450 2545 482 2601 in
509 2545 660 2602 lacrumas
684 2543 774 2615 forus
797 2547 1014 2604 exsurrexisse.
1049 2542 1181 2614 fortasse
1203 2544 1358 2603 adiuvabit

213 2649 301 2706 atium
322 2648 378 2705 hoc
398 2647 726 2712 coniecturam-meam,
751 2645 832 2719 quod
845 2645 975 2706 Romani
994 2646 1138 2720 quamdiu
1160 2649 1191 2706 in
1206 2647 1356 2719 tropicam

211 2751 314 2823 poesin
336 2747 504 2830 incubuere,
527 2748 579 2804 aiu
601 2747 758 2820 quicquum
779 2749 905 2821 sinqulis
920 2747 1063 2808 aetatibus
1078 2750 1174 2821 maqis
1196 2751 1227 2807 in
1242 2748 1358 2806 deliciis

213 2850 381 2909 babuerunt
408 2863 498 2922 quam
537 2845 694 2921 Thyesteas
724 2847 873 2923 Mycenas.
924 2857 1054 2910 ceterum
1090 2849 1148 2908 hac
1183 2849 1357 2922 traqoediuc
1459 2900 1463 2905 .

216 2951 316 3021 Quinti
335 2957 461 3010 cunctae
482 2964 541 3007 non
563 2949 683 3036 tardius¹
702 2950 914 3010 intermortuae
942 2970 1004 3012 csse
1033 2967 1122 3026 quarn
1144 2959 1234 3010 natae
1255 2951 1357 3009 uiden-

213 3060 271 3119 tur,
294 3057 373 3110 certc
394 3066 454 3110 non
473 3051 577 3124 plures
598 3052 629 3108 in
651 3066 746 3108 annos
767 3053 884 3111 ciuisse.
929 3055 990 3112 ium
1012 3069 1081 3113 uero
1095 3069 1162 3112 eum
1185 3069 1264 3112 anna
1282 3052 1358 3112 boa

216 3153 338 3223 Quotus
358 3160 387 3212 ct
408 3152 518 3227 cupide
534 3155 734 3226 composuerit
751 3151 878 3224 fabulas
898 3163 927 3213 et
947 3157 1122 3230 compositas
1143 3171 1183 3214 erc
1198 3156 1356 3229 prouincia

213 3255 338 3312 Romam
360 3256 472 3314 miserit
488 3253 602 3326 fratris
623 3236 782 3313 sciscitans
792 3258 980 3323 sententiam,
1001 3255 1099 3327 facile
1119 3259 1207 3314 etium
1228 3259 1286 3315 erit
1306 3257 1357 3314 iu-

214 3357 315 3416 dicatu
343 3357 380 3416 de
406 3357 453 3414 his
479 3372 557 3430 quac
585 3357 726 3428 lequntur
755 3357 785 3415 in
814 3359 943 3432 epistula
976 3373 1073 3416 mense
1099 3360 1201 3417 sextili
1226 3358 1355 3416 eirisdem

213 3461 288 3516 anni
308 3475 328 3516 a
351 3458 458 3516 Marco
481 3458 524 3517 ad
545 3456 683 3527 Quintum
706 3458 779 3517 duta
802 3458 841 3518 II
864 3465 912 3526 tl,
937 3465 970 3516 3:
993 3455 1218 3529 συνδείπνους
1241 3460 1357 3536 Σοφο-

182 3622 184 3628 ,
213 3555 333 3630 κλέους
354 3575 532 3638 quamquam
555 3578 571 3618 u
596 3566 740 3619 teuchum
769 3558 905 3620 fabellam
932 3559 1017 3618 video
1040 3576 1104 3620 esse
1126 3562 1245 3629 festive,
1275 3558 1356 3618 nullu

214 3659 302 3720 modo
330 3660 462 3739 probavi.
507 3668 577 3721 aute
603 3677 680 3734 quoe
710 3663 799 3721 uerba
827 3663 864 3720 de
890 3661 978 3720 rebus
1007 3663 1133 3721 urbanis·
1157 3665 1355 3734 codolumen,

212 3769 278 3836 post
303 3779 339 3821 ea
367 3763 405 3821 de
429 3762 528 3832 Quinti
552 3764 656 3821 litteris
685 3778 761 3836 quae
784 3762 963 3822 Caesariani
989 3759 1139 3822 exercitus
1165 3766 1196 3822 in
1225 3762 1356 3821 Britan-

213 3867 294 3922 niam
317 3865 474 3922 aduentum
496 3865 715 3923 nuntiauerant.
745 3846 826 3938 'ipsu
849 3871 946 3922 autem
968 3867 1021 3922 illu
1045 3863 1198 3924 Manutius
1219 3870 1248 3922 et
1274 3865 1356 3923 Wie-

213 3964 336 4022 lundius
357 3965 396 4022 II
414 3981 448 4038 p.
473 3972 531 4023 506
559 3965 603 4022 ud
628 3980 691 4022 rem
720 3969 818 4024 nescio
850 3982 939 4039 quum
965 3972 1104 4039 spectare
1130 3965 1358 4025 arbitrabantur

213 4081 291 4138 quae
311 4081 385 4123 casu
406 4067 484 4123 malo
505 4065 664 4124 accidisset
686 4066 791 4136 Quinto
818 4069 896 4125 uelut
922 4069 964 4126 in·
981 4068 1140 4141 muqnifco
1160 4069 1292 4126 commuto
1313 4069 1356 4125 ilu

204 4164 335 4226 'similem
356 4169 421 4225 eius
441 4183 568 4225 scaenae
595 4183 684 4239 quam
710 4170 741 4226 in
764 4168 902 4247 dramate
928 4172 1059 4243 satyrico
1081 4168 1240 4243 Sophocles
1261 4169 1356 4227 indu-

214 4275 317 4334 uerat,
351 4273 384 4326 ut
410 4266 534 4336 Quintus
557 4267 683 4339 fabulae
715 4269 804 4327 liuius
834 4272 922 4343 quasi
953 4277 1037 4328 actor
1066 4269 1164 4342 fuisse
1194 4271 1355 4337 uideretur,

214 4367 367 4426 Ernestius
390 4368 433 4426 ad
452 4370 530 4426 iocos
550 4368 703 4443 Sophoclis
725 4372 884 4430 imitatione
904 4373 1188 4447 cupressosquibus
1208 4372 1356 4431 cohortem
