2970 5010
40 385 44 390 ·
134 359 175 422 32
537 372 658 430 ovrnni
684 370 867 418 otonnoins

135 529 291 590 dedecoris
313 531 505 608 suspitionem
530 528 728 606 relinquerem
753 529 803 605 qui
827 547 862 587 ex
885 529 967 588 curia
992 527 1095 588 Curios
1112 535 1141 587 et
1156 529 1277 597 Annios

81 630 83 633 ¹
136 639 172 700 ab
202 640 284 700 atriis
313 637 434 718 Sapalas
464 647 493 698 et
520 636 675 707 Cerellios,
710 657 743 696 ex
774 639 905 716 equestri
934 637 1038 698 ordine
1066 636 1227 716 Pompilios
1250 645 1280 697 et

136 749 227 810 Vitias
250 749 306 810 sibi
330 750 523 810 amicissimos
555 749 749 825 compararit3
780 749 830 827 qni
861 755 975 809 tanturn
993 747 1105 825 ‘habeat
1128 747 1277 816 audaciae,
1306 733 1313 740 “

136 866 248 919 tantum
271 861 428 935 nequitiae,
452 867 565 920 tanturn
590 857 718 937 (lenique
740 859 770 917 in
794 857 917 918 libidine
941 860 1012 919 artis
1035 866 1064 917 et
1087 858 1277 926 efficacitatis,

136 957 283 1049 at'prope
306 971 336 1028 in
359 976 515 1048 parentum
545 971 667 1046 gremiis
694 975 891 1047 praetextatos
919 967 1029 1028 liberos
1057 968 1305 1046 constupraritla
1386 973 1389 979 '

137 1079 205 1158 iptid
229 1095 284 1156 ego
307 1097 386 1139 niano
409 1079 446 1138 ‹le
469 1079 581 1149 Aleion,
605 1078 674 1158 quiri
698 1078 734 1138 <le
765 1080 885 1139 testium
909 1078 993 1138 dietis
1020 1077 1166 1138 scribam?
1210 1085 1278 1137 nota

136 1197 213 1260 stant,
238 1197 266 1250 et
289 1208 321 1249 ea
344 1197 375 1249 tu
398 1190 515 1268 saepius
538 1188 634 1266 legito.
680 1196 725 1248 set
754 1195 851 1248 tamen
879 1189 935 1247 hoc
964 1187 1035 1247 mihi
1064 1206 1123 1247 non
1145 1195 1279 1266 praeter·

136 1327 364 1343 ...Ὗ-

205 1394 218 1441 1
238 1393 344 1442 curiose
363 1393 455 1442 lanios
476 1389 480 1455 l
498 1395 514 1442 3
532 1391 637 1442 habeat
653 1393 766 1455 scripsi:
780 1391 865 1442 hebet
887 1388 890 1456 l
912 1394 929 1441 4
947 1391 1093 1456 nequiciae
1111 1390 1115 1454 Ι
1137 1393 1153 1441 b
1172 1394 1280 1440 constu-

135 1457 225 1525 paritl
243 1461 258 1508 6
278 1458 392 1524 affrica!
412 1463 426 1510 'l
445 1460 657 1524 permittendum

204 1647 220 1694 2
239 1645 273 1694 ab
293 1645 371 1694 atriis
390 1627 518 1710 Sapalas]
538 1661 570 1695 ex
589 1645 678 1694 Sistra
696 1645 777 1711 palas
800 1647 825 1694 V
847 1645 881 1695 ab
901 1647 981 1694 atriis
1001 1644 1199 1709 exsistrapolns
1217 1647 1226 1694 l
1244 1647 1279 1694 38

139 1700 177 1778 j‘a
196 1715 305 1763 Vettios
323 1716 332 1762 l
349 1712 402 1775 aot
426 1717 441 1763 5
464 1729 549 1777 prope
572 1715 709 1762 nitentum
732 1713 843 1777 gremiis
862 1713 938 1762 ‘liber
954 1719 1027 1762 uetus
1044 1717 1119 1763 unies'
1138 1713 1255 1762 Lambini
1274 1712 1276 1775 Ι

136 1783 152 1830 6
171 1795 244 1830 nune
261 1780 312 1830 tibi
330 1780 363 1830 cte
375 1779 415 1844 ΕΙ
434 1784 448 1831 l
468 1797 502 1831 ea
520 1778 562 1846 tu]
584 1787 614 1830 tu
632 1797 666 1831 ea
689 1783 714 1830 V
730 1786 738 1830 t
758 1784 791 1830 38
811 1783 859 1829 117
879 1783 928 1829 126
946 1778 1057 1845 {legisti
1075 1780 1245 1830 HAKoebias

137 1971 201 2020 cent
213 1965 292 2019 uelut
304 1966 331 2019 si
342 1964 463 2019 Marcus
476 1967 514 2020 carl
526 1965 581 2020 Ati.
594 1964 613 2018 Ι
622 1971 664 2029 ti,
679 1971 694 2015 t
721 1981 822 2020 nomen
835 1963 932 2019 Cneios
955 1971 983 2020 et
999 1964 1099 2021 Gneios
1119 1970 1146 2020 et
1163 1965 1240 2020 neios
1252 1971 1281 2020 et

138 2032 179 2086 liis
202 2031 358 2086 absolutam
382 2032 531 2087 Catilinam
554 2035 623 2087 dicit
645 2039 695 2087 aaut
722 2032 808 2088 Cneos
822 2039 848 2086 et
861 2031 975 2088 linaeios
988 2039 1014 2087 el
1025 2033 1128 2088 Gnaeos
1141 2031 1280 2088 scribitur

138 2102 251 2154 inimico
265 2102 316 2154 nni
327 2103 356 2154 in
369 2103 477 2155 crimen
491 2108 615 2156 raet-tunt.
720 2103 751 2154 in
776 2100 925 2154 collatione
952 2099 1224 2166 capanei—sinaeus,
1249 2103 1279 2154 in

180 2173 196 2217 2
214 2167 282 2221 atria
302 2166 418 2222 Romae·
430 2171 586 2234 antiquitus
608 2169 695 2222 mealia
721 2167 856 2222 Leidensi
871 2167 958 2222 ueios.
989 2168 1093 2223 Vettios
1113 2187 1131 2222 a
1143 2167 1279 2222 Lambino

137 2235 259 2302 ficerunt
276 2251 360 2289 sacra
380 2237 446 2290 usai
464 2236 631 2302 publicoque
648 2238 695 2290 ale·
721 2236 922 2301 induciasque
940 2238 1003 2291 iure
1021 2238 1197 2303 posteriores
1210 2238 1278 2290 reli·
1347 2240 1353 2250 ‘

137 2306 254 2366 stinuta,
269 2305 298 2356 in
311 2304 411 2369 auibus
431 2303 531 2358 Vestrae
550 2307 655 2358 atrium
668 2310 696 2358 et
722 2305 839 2358 nncrint
851 2319 907 2357 non
920 2303 1012 2369 liquet.

139 2372 292 2426 Libertatis
309 2376 336 2426 et
353 2373 383 2425 in
401 2388 454 2438 ano
471 2372 617 2437 epileptiam
629 2388 694 2426 eon·
765 2376 782 2421 3
805 2371 971 2437 compararit
992 2371 1073 2435 libri,
1098 2387 1168 2437 auos
1190 2369 1279 2435 Hoffa

139 2439 257 2494 sistebat
274 2441 501 2505 antiquissimum
517 2442 656 2494 sutorium
669 2445 695 2494 et
722 2444 906 2504 aspernatur,
920 2441 1022 2505 opinor
1032 2445 1062 2493 ut
1071 2439 1180 2494 soloece
1191 2437 1279 2504 Quin-

140 2505 626 2561 atriaLieininaliaueauctionaria
637 2509 696 2574 qni·
722 2514 768 2561 tas
781 2506 922 2573 loquatur.
947 2522 997 2573 epo
1014 2507 1068 2561 troc
1083 2507 1180 2573 fratres
1198 2511 1278 2561 uetu-

139 2575 192 2629 bas
229 2589 388 2640 praecones
429 2575 581 2630 utebantur
621 2573 696 2638 (Cic.
722 2580 783 2629 stae
807 2576 970 2640 scripturae
994 2576 1098 2629 indicia
1122 2576 1278 2629 coniuncti-

138 2661 157 2709 p
165 2639 370 2710 Quinctio§12
380 2647 407 2696 et
419 2643 453 2697 tle
462 2643 522 2708 leae
533 2642 621 2710 apr]
627 2640 695 2710 Μ.
723 2644 1074 2708 nosreposniseeunrlum
1086 2642 1261 2697 Ernestinm.
1310 2648 1315 2652 ’

129 2710 226 2765 lunas
237 2711 352 2776 pencris
365 2712 456 2772 atria,
476 2726 547 2776 parrae
564 2709 630 2777 foro
644 2727 694 2776 po·
765 2714 780 2759 6
799 2709 948 2775 aletensem
962 2725 1026 2765 esse
1040 2709 1190 2764 Catilinam
1203 2727 1221 2764 a
1235 2709 1279 2765 Ci-

141 2780 279 2832 tissimum
297 2783 324 2832 et
338 2778 454 2832 macello
471 2780 568 2832 iuncta
590 2794 624 2832 oe
641 2794 696 2845 per
721 2792 825 2832 eerone
838 2793 901 2832 cunr
914 2779 1010 2832 realaac
1026 2793 1065 2832 en
1077 2778 1181 2844 Africa
1197 2793 1278 2844 repe-

138 2847 351 2912 srepuentiores
364 2845 443 2900 urbis
456 2847 589 2911 repiones
602 2847 695 2911 dispo·
722 2846 877 2899 tandarnm
892 2863 909 2899 a
922 2844 1016 2900 Clodio
1029 2851 1219 2900 accusaretur
1225 2846 1279 2900 Fe·

140 2916 196 2968 sitta
212 2913 307 2980 fnisse
318 2931 376 2979 par
388 2920 443 2974 est,
460 2921 561 2979 prostca
573 2915 696 2969 cessisse
723 2913 842 2967 nestella
860 2915 911 2973 ait,
929 2919 1013 2980 nepat
1029 2914 1187 2968 Asconius:
1201 2917 1278 2980 copi·

139 2983 276 3036 uidentur
304 2981 540 3046 mapnificentiori
564 2981 695 3036 basilica-
722 2987 785 3034 tare
817 2995 848 3034 se
881 2981 1037 3047 defendere
1071 2983 1280 3046 competitorem

140 3065 204 3104 ram
220 3047 694 3115 porlicmnnsclrolarnmappara·
722 3050 783 3114 ipse
811 3049 849 3101 ael
872 3050 993 3103 Atticum
1021 3051 1138 3115 scripsit
1162 3048 1181 3102 I
1202 3054 1230 3111 2,
1256 3055 1279 3104 1.

140 3119 219 3180 lieni,
237 3117 371 3182 puomoclo
383 3115 517 3170 Porciam
537 3116 604 3171 Cato
622 3118 695 3171 basi·
724 3115 821 3180 (luinli
839 3117 926 3170 acrba
942 3119 1096 3171 Ascanium
1113 3119 1204 3183 mapis
1227 3117 1279 3170 ari·-

141 3185 225 3239 licam
241 3183 350 3238 cluobns
367 3186 466 3249 carptis
484 3187 697 3250 atriisetauat-
724 3187 825 3238 iuuant
860 3201 941 3249 iaceam
971 3184 1176 3240 Fenestellam:
1211 3186 1279 3251 quin

140 3260 206 3306 taor
241 3251 367 3306 tabernis
395 3253 440 3324 in
459 3251 525 3318 foro
555 3255 696 3307 eatruacil.
724 3254 798 3306 enim
815 3251 1116 3313 eliacitnotatibisunt‚
1134 3268 1188 3308 cur
1205 3253 1280 3308 aian

141 3319 264 3386 Quintus
277 3321 364 3385 ipitur
376 3319 424 3374 nbi
434 3320 562 3375 nomines
574 3319 607 3374 ala
621 3320 696 3374 atriis
724 3327 789 3373 nota
802 3328 866 3373 sunt
884 3321 914 3374 iel
929 3325 971 3374 est
989 3336 1084 3375 omnes
1101 3335 1136 3374 ea
1153 3327 1281 3376 norant?

140 3389 216 3442 aiiait
234 3416 264 3424 —
281 3388 422 3442 interiecit
445 3395 538 3443 autern
560 3390 636 3442 inter
652 3403 696 3442 se·
722 3392 876 3452 praeterea
888 3385 1008 3442 Marcus
1019 3403 1053 3442 ea
1066 3387 1159 3454 legere
1169 3389 1278 3456 saepias

119 3488 125 3495 -
141 3462 257 3511 naiores
274 3460 301 3510 et
318 3457 424 3522 equites
439 3461 559 3522 propter
575 3455 631 3510 laci
647 3472 695 3510 no·
723 3455 847 3516 iubetur,
864 3457 949 3522 peasa·
965 3472 1022 3510 non
1034 3471 1178 3522 praesens
1197 3455 1279 3510 aurii-

140 3527 242 3578 tionem
261 3523 338 3578 atriis
356 3538 530 3578 communem
546 3539 609 3579 carn
622 3523 696 3578 curia
723 3525 806 3584 uerit,
819 3523 923 3578 litteris
935 3525 1125 3589 consipnarit,
1140 3525 1224 3578 etiam
1236 3529 1278 3577 at-

140 3619 174 3629 -
191 3591 237 3646 uel
253 3591 360 3657 plebem
381 3591 563 3656 callepiorurn
585 3591 632 3646 ael
650 3608 695 3647 eo·
722 3607 774 3656 arae
787 3593 871 3646 etiarn
884 3607 980 3646 seeum
990 3594 1140 3657 repulerit,
1150 3592 1278 3646 oratione

141 3666 240 3714 cuntes
250 3660 280 3712 in
287 3658 402 3725 publiea
411 3659 461 3712 ilia
471 3660 532 3713 laea
542 3675 605 3714 cum
617 3660 696 3726 plebe
723 3660 842 3725 alanique
849 3661 1043 3725 pertractarit.
1059 3659 1105 3713 bis
1116 3659 1212 3714 uerbis
1222 3675 1278 3714 non

141 3727 591 3792 nominesmiscrossipnifienrn't.
612 3743 696 3783 sena-
723 3728 906 3781 admarnemus
933 3726 1073 3782 bominem
1101 3734 1133 3782 nt
1156 3743 1206 3782 eas
1230 3742 1279 3782 res

142 3801 219 3848 tores
232 3810 301 3860 anos
318 3796 476 3849 nominauit
489 3794 519 3860 Q.
533 3796 658 3850 rtrrninrn
670 3801 697 3850 et
723 3794 823 3860 ouibus
835 3793 1003 3860 interfuerit
1015 3796 1149 3849 memoria
1160 3801 1277 3861 repetat,

142 3861 174 3927 Q.
193 3860 309 3917 Curium
326 3864 402 3915 inter
418 3863 584 3917 coniuratos
604 3862 696 3916 Catili·
723 3861 775 3915 scel
791 3867 821 3916 at
837 3877 894 3915 non
911 3863 982 3917 satis
998 3864 1110 3928 connita
1127 3864 1279 3918 memoriae

142 3944 196 3984 nae
214 3931 298 3984 etiam
315 3928 470 3984 Sallustius
487 3937 633 3995 numerat,
652 3946 696 3986 ce·
724 3931 845 3984 incendet.
886 3929 934 3984 abi
956 3935 1049 3985 autern
1070 3933 1182 3985 testium
1202 3931 1279 3985 clieta

141 3999 198 4051 teri
212 3996 297 4063 plane
314 3999 402 4063 ipnoli
419 4003 495 4052 sunt.
521 4016 575 4064 pro
592 3997 696 4119 Sappalis
722 3997 816 4063 tepere
831 3997 955 4064 fratrem
974 3996 1096 4063 Quintus
1119 3998 1225 4053 noluit?
1249 3999 1279 4051 in

140 4063 290 4119 Puteanus
303 4063 433 4131 Scapulis
445 4065 603 4127 substituit,
638 4064 697 4133 opi·
723 4066 832 4119 uetisne
842 4067 1017 4130 praetoriis?
1035 4081 1092 4120 non
1109 4067 1204 4121 eredo.
1228 4065 1280 4120 sed

142 4131 194 4188 iios
206 4136 260 4198 pro
273 4130 414 4199 Pompiliis
429 4131 583 4187 Corradus.
605 4132 696 4188 Carui-
723 4149 889 4199 quamquam
905 4134 1012 4187 diiarna
1036 4139 1100 4188 acta
1117 4151 1135 4187 a
1155 4133 1279 4188 Caesare

142 4198 194 4254 lios
211 4215 275 4254 curn
286 4198 426 4254 italorum
443 4200 527 4266 culpa
545 4201 651 4255 abisset
667 4201 697 4253 in
723 4201 833 4254 demam
845 4201 961 4256 consule
974 4208 1073 4266 coepta
1090 4207 1157 4256 sunt
1169 4202 1277 4268 confici.

143 4265 294 4327 Cormalos,
312 4269 342 4321 in
354 4265 490 4323 leidensi
500 4268 575 4322 ‘libro
587 4268 697 4335 factum
723 4274 816 4322 tamen
839 4267 967 4324 homines
990 4269 1089 4335 quales
1112 4269 1162 4322 illa
1186 4273 1278 4323 aetate

142 4341 185 4389 est
197 4334 336 4389 cornelios
348 4335 423 4400 quod
435 4350 534 4389 nomen
547 4351 632 4401 eques
644 4335 696 4389 ba·
722 4334 833 4401 fuerint
846 4341 988 4402 alquanto
1000 4337 1094 4391 stadio
1106 4336 1279 4403 inrepente·

143 4401 202 4459 buit
228 4403 325 4459 socius
352 4400 498 4459 Catilinae.
539 4409 696 4463 extremum
723 4419 757 4457 ca
775 4409 857 4471 atque
873 4406 903 4458 in
921 4403 1025 4459 litteris
1043 4407 1154 4460 uersati
1169 4406 1196 4460 si
1212 4419 1277 4460 eon·
