2970 5010
717 1141 762 1208 II

519 1434 524 1444 .
559 1352 924 1452 EPISTVLAE

681 1575 799 1582 *—

733 1716 749 1777 1

437 1846 444 1859 ’
490 1884 535 1976 o.
568 1884 618 1958 u.
654 1821 846 1958 suarm
881 1884 987 1959 suu.

254 2091 295 2150 De
318 2090 440 2165 Tirone,
462 2091 512 2149 miv
526 2089 639 2158 Marce,
669 2089 708 2148 ila
731 2097 760 2174 te
783 2108 940 2169 meumque
963 2090 1138 2150 Ciceronem
1162 2096 1192 2148 et
1213 2107 1310 2150 meam

168 2199 324 2261 Tulliolam
354 2207 495 2276 tuumque
524 2199 615 2259 filium
643 2197 773 2266 rideam,
812 2207 844 2259 ut
877 2199 951 2259 mibi
978 2200 1175 2277 gratissimum
1204 2199 1310 2267 fecisti,

168 2329 235 2371 cnm
259 2328 326 2370 eum
349 2308 503 2387 indignum
533 2306 583 2368 illa
612 2309 730 2368 fortuna
759 2326 793 2368 ac
821 2308 907 2369 nobis
929 2311 1057 2370 amicum
1080 2327 1168 2387 quam
1192 2325 1310 2368 servum

168 2438 232 2480 esse
255 2419 393 2480 maluisti.
439 2418 511 2479 mibi
534 2418 637 2488 crede,
667 2419 725 2479 tuis
753 2425 783 2478 et
809 2416 887 2478 illins
914 2418 1020 2479 litteris
1042 2417 1183 2498 perlectis
1206 2418 1336 2478 exsiluis

133 2529 291 2608 agaudio,
322 2537 351 2589 et
377 2530 431 2590 tibi
450 2520 490 2589 'et
519 2545 574 2607 ago
597 2529 707 2606 gratias
736 2535 764 2588 et
792 2528 931 2604 gratulor.
976 2530 1103 2589 sienim
1126 2527 1199 2588 mibi
1226 2528 1311 2590 Statii

167 2638 292 2700 fidelitas
315 2646 360 2699 est
382 2646 480 2699 tantae
503 2637 655 2717 voluptati,
679 2640 782 2715 quanti
806 2656 871 2698 esse
893 2639 924 2698 in
946 2639 1003 2698 isto
1023 2638 1097 2698 bacc
1113 2637 1216 2699 eadem
1232 2637 1310 2698 bona

167 2748 278 2809 debent
300 2748 406 2809 additis
428 2748 534 2809 litteris
558 2747 746 2808 sermonibus
770 2747 961 2816 humanitate,
986 2765 1062 2825 quae
1084 2756 1154 2809 sunt
1168 2748 1215 2809 his
1236 2751 1310 2827 ipsis

167 2857 330 2919 commodis
353 2861 476 2938 potiora.
523 2877 589 2917 amo
612 2867 641 2918 te
664 2856 803 2918 omnibus
826 2857 963 2936 equidem
986 2857 1023 2917 dc
1046 2859 1181 2918 maximis
1203 2860 1309 2928 causis

167 2986 269 3029 verum
299 2970 387 3030 etiam
415 2977 539 3046 propter
568 2967 644 3026 banc
674 2966 717 3027 vel
747 2966 825 3044 quod
856 2966 927 3027 mibi
956 2969 999 3028 sic
1027 2977 1060 3026 ut
1083 2966 1210 3028 debuisti
1234 2986 1348 3028 nun-ro

167 3079 255 3138 liasti.
299 3086 329 3138 te
351 3084 445 3139 totum
467 3078 498 3136 in
521 3075 627 3136 litteris
651 3075 717 3136 vidi.
763 3075 864 3138 Sabini
886 3076 987 3155 pueris
1010 3085 1039 3138 et
1066 3079 1190 3155 promisi
1211 3080 1309 3138 omnia

167 3195 196 3248 et
218 3187 332 3249 luciam.

232 3338 249 3424 b
268 3390 328 3424 cum
347 3375 498 3424 Mediceus:
516 3373 587 3438 quod
605 3372 782 3422 Berotincnsis
797 3369 802 3430 Ι
818 3388 852 3421 ac
873 3375 922 3422 det.
942 3372 1106 3435 Cratander!
1122 3375 1138 3423 5
1155 3372 1310 3438 perspectis

165 3440 191 3489 B
206 3440 210 3506 Ι
226 3443 241 3491 6
260 3442 368 3507 gaudeo
386 3443 416 3492 M
432 3439 466 3507 Ιῖ
486 3456 547 3491 esse
566 3441 614 3490 M:
633 3444 676 3490 est
693 3439 719 3488 B
739 3442 743 3497 l
762 3442 778 3490 8
796 3440 898 3490 debent
916 3442 1057 3504 duplicauit
1073 3440 1123 3504 Ml
1138 3442 1310 3490 sermonibus

167 3510 329 3560 Cratander:
348 3514 376 3559 el
393 3510 564 3560 sermonibus
582 3497 689 3573 BMtb
708 3507 857 3562 commodis
876 3523 923 3558 om.
942 3508 968 3557 B

235 3681 249 3728 1
267 3681 360 3744 tegitur
377 3679 445 3728 inter
464 3677 593 3728 Ciceronis
610 3679 645 3727 ad
666 3677 783 3727 Tironem
800 3679 923 3741 epistulas
941 3676 1015 3725 XVI
1032 3680 1071 3735 16,
1089 3678 1188 3740 scripta
1208 3677 1310 3726 uidetur

165 3749 269 3796 circiter
286 3763 311 3796 a.
331 3746 468 3802 JICXCV,·
486 3746 520 3808 cf.
538 3762 564 3809 p.
583 3748 615 3793 21
640 3743 650 3810 ΙΙ
675 3747 691 3794 t
710 3761 743 3794 ac
761 3747 785 3794 si
801 3746 939 3805 omittitur,
959 3747 1077 3808 displicet
1094 3761 1148 3793 cum
1166 3743 1310 3808 indignum

166 3817 327 3878 compositum
344 3829 490 3877 pronomen.
520 3813 654 3862 scabritias
671 3814 795 3863 arationis
812 3814 898 3861 melius
915 3820 1058 3862 remanetur
1081 3813 1127 3862 boc
1150 3813 1223 3862 motio
1248 3826 1309 3861 cum

166 3881 308 3946 indignum
326 3881 376 3930 illa
395 3882 505 3931 fortuna
523 3881 653 3928 iudicasti
672 3895 705 3928 ac
735 3877 745 3944 b
776 3879 932 3929 rudetitas
957 3884 986 3929 ei
1006 3879 1155 3944 frugalitas
1174 3878 1310 3928 Lambinus

166 3966 197 4000 ne
218 3951 349 4014 pluratiua
370 3948 440 3998 haec
463 3949 560 3998 eadem
582 3948 701 3997 bona‘et
725 3947 768 3996 bis
792 3947 861 4011 ipsis
885 3948 1032 3997 commodis
1054 3950 1181 4012 singulari
1195 3963 1225 3996 re
1243 3963 1310 3996 com-

165 4019 387 4081 prehenderentur
416 4013 426 4079 b
457 4019 487 4064 11
510 4016 619 4065 Sabinus
642 4017 697 4080 quie
717 4015 798 4077 fucrit
823 4019 985 4080 ignoramus:
1010 4015 1038 4075 Q.
1066 4015 1177 4064 Titurius
1200 4014 1311 4064 Sabinus

168 4085 288 4135 Caesaris
309 4088 408 4149 Icyatus
429 4086 455 4132 in
480 4083 562 4133 Gallia
580 4100 604 4132 a.
625 4082 784 4132 DCXCVII
799 4089 858 4146 post
882 4090 935 4133 tres
952 4099 1033 4132 annos
1050 4085 1143 4132 occidit
1161 4081 1232 4146 (belli
1246 4086 1308 4146 yall.

167 4153 201 4201 II
218 4157 234 4201 5
253 4159 278 4202 et
304 4154 329 4202 V
346 4149 406 4215 37),
431 4151 550 4200 Sabinum
576 4150 676 4200 Albium
699 4151 847 4200 coheredem
867 4166 936 4200 suum
960 4151 1050 4200 Cicera
1076 4152 1162 4199 Attico
1184 4151 1310 4214 significat

168 4220 246 4269 XIII
264 4222 297 4268 14
314 4237 338 4269 a.
358 4218 479 4281 DCCIX,
498 4218 616 4267 Sabinum
633 4219 677 4283 qui
698 4218 822 4268 Trebonio
843 4227 971 4271 oratorem
987 4234 1057 4268 suum
1074 4219 1170 4267 reddat
1186 4220 1212 4267 in
1229 4219 1311 4266 uariis

166 4289 280 4351 epistulis
298 4287 354 4335 XV
371 4289 405 4335 20
422 4304 447 4336 a.
466 4286 567 4348 uouit,
586 4288 693 4335 accedat
711 4288 818 4352 denique
836 4287 946 4336 Sabinus
963 4289 1004 4336 ille
1021 4288 1047 4335 in
1065 4287 1198 4335 catalectis
1220 4286 1311 4349 Veryi-

164 4357 240 4405 lianis
257 4357 365 4407 dariam
