2970 5010
63 294 238 410 fra

197 519 404 597 perfamiliaris
431 515 577 604 Philisto.¹
602 516 654 579 sed
684 516 763 599 qnod
787 538 821 579 ea
847 514 953 580 scribis
977 517 1023 598 (in
1044 513 1179 580 Mediceb
1199 537 1257 597 quo
1288 510 1340 580 ad-

197 621 315 690 scribis,
346 625 430 695 aoipo
458 620 537 699 qnod
561 620 705 681 adscribis
730 620 853 700 iegitur)
876 622 1088 700 adgrederisne
1113 621 1148 681 ad
1170 621 1341 701 historiam?

199 741 246 783 me
270 729 390 783 auclore
413 731 512 802 poles,
542 731 571 783 et
599 725 738 801 quoniam
764 721 932 783 tabellarios
955 722 1175 794 subministras,
1205 723 1342 783 hodierni

197 824 255 883 diri
277 843 327 884 res
349 832 447 902 gestas
464 824 675 903 Lupercalibus
691 824 822 885 habebis.
861 825 979 898 insama
1001 826 1077 885 liaec
1092 825 1217 885 Marcus
1235 825 1342 898 festiue

196 930 238 986 itu
262 927 340 985 dimit
360 929 450 1001 paesi
468 930 557 986 etium
579 931 644 986 titos
666 928 729 986 dies
751 930 832 1003 ipsos
855 927 993 997 Quintum
1016 930 1088 987 aelle
1109 928 1249 987 historiae
1270 944 1343 986 snae

196 1028 305 1087 ambitu
327 1030 460 1088 intexere
479 1036 610 1104 putaret.
967 1023 968 1026 '

288 1131 516 1205 ls'tramcumque
538 1133 575 1189 cie
599 1130 698 1200 Quiriti
720 1131 824 1203 sermo
851 1133 1006 1190 annalium
1033 1133 1207 1191 sententiam
1229 1133 1340 1199 tuleris,

196 1241 277 1291 certe
306 1249 364 1291 non
397 1236 586 1308 inexpertam
615 1234 710 1291 amisit
736 1236 853 1307 epicam
873 1235 985 1306 poesin.
1031 1249 1135 1308 aempe
1158 1233 1340 1292 Britannica

198 1334 336 1392 Caesaris
356 1336 508 1409 expeditio
529 1349 610 1394 anno
631 1334 710 1392 DCC
730 1335 885 1394 Cicerones
907 1335 1006 1392 ontbos
1026 1336 1189 1410 cupiditate
1210 1337 1343 1394 inritauit

179 1436 327 1495 'canendi
346 1439 534 1511 imperatoris
555 1436 612 1494 sibi
631 1443 690 1495 tum
713 1436 802 1495 ratde
824 1438 923 1496 amici.
968 1453 1027 1510 pao
1047 1437 1085 1495 de
1106 1439 1289 1496 contentione
1310 1439 1340 1495 in

195 1537 300 1598 dlarci
320 1538 363 1619 epi
385 1538 522 1608 Quintam
543 1540 676 1613 epistulis
697 1539 773 1598 tinec
795 1540 958 1598 traduntur
979 1538 1019 1596 II
1039 1544 1082 1606 13,
1102 1545 1119 1596 2
1139 1555 1238 1597 mense
1259 1541 1341 1597 ternio
1390 1603 1398 1618 x

196 1639 337 1720 quoniam
360 1640 389 1698 in
412 1641 469 1700 isto
492 1639 612 1699 homine
634 1638 759 1699 colendo
783 1647 841 1699 tam
864 1639 1022 1699 indormivi
1045 1638 1096 1698 diu
1120 1647 1148 1698 te
1171 1637 1340 1699 mehercule

196 1759 285 1820 saepe
309 1743 469 1812 excitante,
500 1758 589 1801 cursu
617 1743 763 1818 corrigam
794 1731 959 1801 tarditatem
989 1759 1056 1801 cum
1080 1743 1163 1818 equis
1185 1752 1245 1802 tum
1271 1758 1340 1798 vero

196 1842 347 1920 quadrigis
369 1844 507 1921 poeticis:
531 1842 619 1910 modo
643 1843 717 1902 mihi
739 1842 806 1902 date
829 1842 1011 1902 Britanniam
1035 1861 1122 1921 quam
1146 1843 1265 1920 pingam
1290 1861 1339 1902 co·

195 1943 308 2004 loribus
332 1946 390 2004 luis
412 1943 551 2023 penicillo
574 1963 649 2004 meo.
690 1952 735 2012 15,
754 1953 772 2002 4
795 1961 892 2003 mense
913 1947 1015 2004 sextili
1036 1953 1063 2004 tc
1085 1937 1252 2004 ὑπόθεσιν
1267 1936 1362 2002 scri?

195 2044 286 2104 hendi
308 2048 456 2124 egregiam
482 2046 591 2106 hahere
613 2046 713 2105 video:
737 2062 810 2122 quos
832 2053 864 2106 tu
888 2047 975 2112 situs,
1000 2064 1075 2124 quas
1096 2055 1216 2105 naturas
1238 2063 1339 2105 rerum

195 2155 225 2204 et
246 2145 395 2216 locorum,
425 2167 499 2227 quos
522 2166 635 2216 mores,
664 2166 736 2224 ‹puas
759 2148 868 2224 gentle,
899 2166 972 2226 quas
994 2165 1124 2226 pugnas,
1154 2165 1240 2226 quem
1270 2164 1339 2206 vern

193 2249 295 2327 ipsum
313 2250 523 2329 imperatorem
539 2248 652 2309 hahes:
677 2266 732 2326 ego
756 2257 784 2308 te
808 2247 935 2308 libenter
954 2256 987 2309 ut
1005 2266 1100 2325 rogas
1125 2248 1233 2325 quihus
1249 2247 1340 2307 rohos

194 2352 237 2410 ris
260 2350 402 2411 adiuvabo
425 2360 455 2411 et
483 2350 536 2410 tibi
560 2370 664 2412 versus
687 2369 762 2429 quos
784 2367 872 2426 rogas
899 2344 1016 2428 γλαῦκ’
1041 2347 1087 2421 εἰς
1106 2343 1249 2430 Ἀθήνας
1271 2351 1337 2409 mit·
1410 2368 1421 2386 s

195 2461 263 2511 tam.
307 2453 365 2512 III
385 2461 410 2522 t,
436 2460 469 2511 lt
490 2470 589 2512 mense
609 2454 767 2528 septembri
787 2470 891 2531 poema
916 2451 951 2510 ad
975 2451 1130 2512 Caesarem
1154 2451 1233 2531 quod
1256 2453 1338 2510 insli-

194 2561 309 2614 tneram
338 2555 444 2624 incidi,
474 2553 528 2614 tibi
557 2555 636 2633 quod
664 2571 767 2632 rogas,
797 2555 936 2632 quoniam
958 2555 1015 2632 ipsi
1038 2554 1134 2614 lontes
1156 2555 1213 2613 iam
1238 2554 1340 2614 sitiunt

194 2656 292 2715 idest
317 2659 456 2730 quoniam
484 2659 557 2732 apsis
584 2657 672 2716 rebus
701 2657 875 2715 britannicis
903 2671 961 2715 narr
989 2641 1196 2729 inflammatur
1223 2659 1340 2714 animus

194 2758 219 2816 si
242 2757 313 2834 quid
336 2757 452 2818 habebo
481 2760 557 2840 spati
583 2758 720 2818 scribam.
767 2766 802 2827 4,
828 2765 847 2815 4
874 2774 973 2816 mense
1002 2759 1116 2818 octobri
1142 2756 1177 2818 de
1205 2755 1339 2817 versibus

194 2878 269 2938 quos
295 2858 350 2919 tihi
377 2878 464 2919 ame
493 2859 664 2929 scribilis,
696 2859 779 2919 deest
808 2857 880 2917 mihi
908 2855 1027 2936 quidem
1056 2876 1146 2936 opera
1175 2875 1251 2935 quae
1280 2876 1338 2916 non

193 2961 282 3020 modo
304 2969 422 3040 tempus
444 2961 495 3020 sed
520 2963 605 3022 etiam
630 2962 762 3021 animum
784 2976 915 3019 vacuum·
930 2959 967 3020 ab
991 2961 1071 3020 omni
1092 2978 1163 3020 cura
1179 2959 1337 3028 desiderat,

194 3062 245 3122 sed
262 3060 345 3121 abest
367 3065 454 3122 etiam
479 3056 739 3142 ἐνθουσιασμός.
779 3079 873 3137 porro
897 3070 992 3122 cautem
1015 3061 1102 3122 simul
1126 3069 1154 3149 et
1171 3061 1252 3140 illud,
1275 3063 1339 3121 sine

146 3216 151 3224 ,
195 3161 254 3223 ulla
288 3162 459 3224 mehercule
490 3158 576 3225 rouia
609 3163 731 3244 loquor,
763 3164 816 3223 tihi
848 3165 932 3224 istius
965 3167 1084 3241 generis
1116 3165 1152 3224 in
1180 3161 1338 3223 scribendo

193 3266 310 3344 priores
331 3267 424 3344 partis
447 3264 546 3326 tribuo
570 3283 658 3343 quam
682 3266 762 3326 mihi.
804 3274 831 3335 5,
857 3275 876 3324 4
898 3283 996 3326 mense
1018 3266 1170 3327 novembri
1189 3264 1266 3343 quod
1290 3281 1337 3322 mc

197 3369 234 3449 de
257 3366 391 3426 versibus
414 3365 555 3428 iaciendis
578 3385 673 3444 rogas,
696 3365 872 3426 incredibile
896 3375 938 3428 est
955 3369 995 3428 mi
1017 3368 1109 3428 irater
1124 3385 1211 3447 quam
1235 3382 1337 3444 egeam
1420 3364 1423 3371 “

195 3461 329 3548 tempore
352 3487 407 3529 nec
430 3486 501 3529 sane
518 3470 588 3529 satis
604 3487 792 3529 commoveor
815 3470 912 3543 animo
936 3471 972 3530 ad
996 3488 1121 3549 eaquae
1137 3471 1179 3530 ris
1195 3467 1335 3528 canenda.

194 3567 417 3641 discordiosis
439 3572 512 3643 (itas
532 3575 563 3631 in
586 3571 715 3632 Medicei
734 3574 878 3632 intricata
899 3573 1053 3647 scriptura
1074 3571 1262 3645 requirebam
1284 3586 1339 3628 aee

193 3680 323 3732 remotas
347 3689 366 3731 a
387 3665 491 3732 πάθει
512 3680 541 3731 et
554 3673 796 3753 τοπογραφιῶν
817 3674 947 3748 adfines)
970 3689 1040 3731 vero
1062 3673 1098 3732 ad
1122 3691 1156 3731 ea
1178 3688 1253 3750 quae
1274 3671 1339 3749 ipsu

195 3790 250 3851 ego
273 3791 311 3851 ne
333 3773 489 3851 cogitando
513 3773 631 3851 quidem
656 3793 830 3852 consequor,
855 3782 887 3833 tu
910 3775 959 3852 qui
982 3775 1077 3833 omnis
1099 3773 1155 3832 isto
1180 3771 1338 3851 eloquendi

195 3883 224 3935 et
245 3873 429 3953 exprimendi
445 3893 554 3952 genere
570 3878 726 3954 superasti,
743 3895 758 3935 a
775 3895 822 3936 me
838 3876 933 3955 petis?
948 3876 1086 3941 ,lacerem
1102 3882 1202 3935 tamen
1218 3882 1251 3935 ut
1265 3890 1338 3953 pos-

194 3994 267 4046 sem,
291 3975 343 4035 sed
366 3976 443 4054 qood
468 3983 496 4036 te
511 3979 642 4037 minume
659 3978 741 4055 logii,
766 3996 840 4056 opus
862 3970 906 4038 est
926 3976 962 4037 ad
978 3995 1083 4056 poema
1100 3976 1225 4054 quadam
1249 3974 1338 4035 animi

194 4076 344 4138 alacritate
361 4096 446 4156 quam
468 4077 555 4156 plane
571 4078 643 4139 mihi
662 4087 793 4157 tempora
817 4079 954 4156 eripiunt.
993 4081 1120 4154 denique
1134 4084 1159 4148 9,
1179 4085 1196 4136 d
1218 4060 1358 4137 circiter*

193 4180 341 4253 leniendas
363 4180 530 4240 decembres
552 4180 629 4258 quod
655 4199 701 4239 me
729 4180 858 4240 hortaris
885 4187 918 4239 nt
943 4178 1107 4249 absolvam,
1137 4178 1234 4239 haheo
1253 4177 1337 4238 abso·

194 4280 289 4342 lutum
307 4298 395 4341 suave
412 4281 482 4341 mihi
507 4281 625 4360 quidem
650 4282 690 4340 uti
713 4281 829 4340 videtur
852 4278 930 4352 ἔπος
951 4282 988 4342 ad
1010 4283 1176 4342 Gaesarem.
1217 4270 1339 4351 Ouinius

195 4398 263 4443 cero
284 4385 315 4443 in
337 4383 393 4443 boe
416 4400 527 4458 periere
554 4399 624 4442 nram
647 4384 721 4457 qaid
738 4367 904 4458 perfecerit
925 4400 983 4443 aon
1006 4387 1104 4459 liquet.
