2970 5010
224 337 266 402 28
637 351 757 410 ovium
779 350 961 399 orcenoms

214 509 391 583 ,rideamum
425 509 455 569 id
488 528 542 570 nos
576 530 611 569 eo
644 507 767 587 consilio
800 509 903 568 iecisse
933 517 963 566 ut
992 507 1078 588 nobis
1111 507 1162 566 Gn.
1193 507 1365 585 Pompeium

197 668 203 697 l.
221 619 463 698 adiungeremus,
488 627 521 680 ut
544 639 609 680 eum
626 621 677 696 qui
699 618 859 698 plurimum
875 624 985 696 posset,
1010 623 1060 676 urit
1076 619 1203 677 anticum
1219 618 1248 676 in
1266 623 1365 677 nostra
1435 598 1439 607 ⁴

189 702 366 808 dpetitione
388 730 565 810 haberemus
593 736 643 789 aut
666 735 746 788 certe
769 725 829 788 non
856 727 1067 788 adversarium.
1113 713 1269 794 l¹raetorca
1296 726 1366 787 ado·

225 841 371 902 lescentes
393 840 507 901 nobiles
531 840 650 901 olalroru
674 847 705 900 ut
726 837 836 899 babeas
861 837 905 898 vol
920 846 952 897 ut
974 846 1076 898 teneas
1099 837 1258 898 studiosos.
1292 855 1366 917 quos

226 949 331 1020 babes,
360 950 484 1011 mmtum
513 950 664 1029 elignitatis
692 950 825 1010 atloront.
878 948 1021 1027 plurimos
1055 947 1160 1016 babes3
1197 948 1305 1027 [sorbeo
1336 954 1392 1008 uts

224 1064 319 1122 sciant
347 1069 489 1141 quantum
518 1063 547 1121 in
576 1063 601 1120 is
629 1068 715 1140 pulos
744 1079 818 1120 osse.
862 1061 888 1118 si
910 1059 1068 1119 adduxeris
1092 1065 1123 1118 ut
1145 1060 1154 1117 i
1176 1060 1226 1137 qui
1256 1040 1365 1127 ralunt,

147 1178 172 1226 lt
192 1181 207 1229 7
226 1173 354 1251 cupiant,
378 1170 539 1250 plurimum
561 1171 734 1251 proderunt.
779 1171 819 1230 dc
844 1169 966 1230 insultum
990 1170 1080 1228 otiam
1106 1169 1263 1228 novitatem
1286 1175 1366 1229 tuam

225 1283 340 1343 adiurat
363 1282 440 1361 quod
465 1284 529 1343 eius
552 1282 633 1343 modi
655 1281 770 1343 nobiles
792 1289 891 1342 tecum
920 1286 1041 1359 petunt,
1071 1286 1104 1338 ut
1133 1297 1220 1339 nemo
1250 1281 1288 1339 sit
1315 1281 1367 1358 qui

224 1391 331 1452 audeat
359 1391 457 1453 elicere
484 1392 550 1472 pleis
579 1392 637 1453 illis
665 1392 849 1453 nobilitatem
873 1409 960 1471 qinom
988 1388 1041 1448 tibi
1066 1390 1202 1449 virtutem
1225 1389 1367 1469 prodesse

180 1538 187 1585 .‹'
223 1509 371 1581 oportere.
417 1504 475 1563 iam
505 1502 536 1564 l‘.
560 1501 682 1564 Galbam
706 1511 735 1564 et
756 1503 788 1563 L.
811 1502 942 1562 Cassium
965 1520 1080 1562 summo
1102 1499 1168 1560 loeo
1192 1508 1275 1560 natos
1300 1502 1368 1578 quis
1381 1531 1408 1569 10
1452 1497 1459 1511 '

177 1588 187 1688 Ι
225 1615 343 1693 estqui
366 1619 469 1693 potere
492 1613 677 1674 consulatum
700 1617 802 1693 pincti
837 1612 918 1673 vides
941 1612 1030 1690 igitur
1053 1610 1242 1689 amplissimis
1265 1630 1300 1670 cx
1325 1612 1366 1672 la·

293 1802 305 1849 1
325 1800 399 1850 ·GN·
417 1803 510 1852 lineola
526 1817 605 1865 super
622 1801 651 1861 N*
664 1802 741 1849 (latete
766 1797 770 1857 Ι
797 1802 812 1848 3
832 1798 968 1863 peticione
985 1797 989 1857 Ι
1008 1801 1024 1847 5
1044 1796 1174 1846 afferrent
1194 1795 1198 1859 Ι
1219 1799 1235 1845 6
1252 1797 1279 1846 in
1298 1797 1342 1846 his
1362 1793 1365 1860 Ι

222 1865 430 1987 maminot
446 1871 541 1933 scripsi
548 1887 557 1919 .-
575 1867 672 1918 nolunt
690 1865 695 1933 Ι
715 1869 731 1918 8
749 1866 891 1918 adiuuant.
911 1871 970 1929 atq;
990 1866 1048 1916 eins
1069 1862 1073 1930 Ι
1093 1865 1203 1915 billius
1223 1865 1227 1927 Ι
1253 1867 1284 1915 10
1301 1880 1365 1914 num

292 2110 305 2155 l
324 2106 466 2156 uideamur
478 2109 584 2157 arrisere
602 2111 611 2157 l
629 2110 646 2156 3
665 2110 698 2157 48
717 2110 749 2156 49
769 2108 819 2155 124
838 2109 887 2155 126
905 2113 930 2154 et
948 2106 991 2170 qui
1008 2103 1139 2154 fuerimus
1156 2103 1283 2154 substituit
1297 2099 1363 2165 117Ι

222 2173 415 2224 suelteneas
434 2178 493 2225 148
512 2178 545 2224 49
564 2178 680 2225 117126
707 2173 711 2238 Ι
739 2174 876 2224 studiosos
894 2173 934 2222 tui
953 2187 1021 2236 quos
1039 2175 1097 2220 150
1124 2170 1128 2233 Ι
1154 2171 1258 2234 equod
1277 2171 1300 2220 si
1318 2171 1366 2220 ud-

222 2243 333 2294 duxeris
352 2244 404 2293 l50
420 2243 424 2304 Ι
438 2259 493 2294 non
505 2244 602 2293 nolunt
618 2234 645 2292 ill
653 2246 662 2292 t
673 2247 706 2292 50
724 2256 780 2293 non
795 2241 892 2291 uolunt
903 2249 947 2290 urat
958 2241 1054 2290 nolunt
1065 2241 1157 2304 reliqui
1171 2239 1176 2299 Ι
1191 2242 1205 2290 'l
1219 2239 1365 2305 plurimum

222 2311 330 2374 quidem
349 2312 498 2376 proderunt
519 2313 546 2362 V
560 2312 704 2377 plurimum
722 2311 830 2376 quidem
848 2313 995 2376 potuerunt
1013 2312 1022 2359 t
1040 2312 1074 2359 38

266 2488 777 2556 astudiosos]tuipronomenineo·
805 2490 961 2556 defendere
992 2489 1043 2544 iam
1072 2489 1164 2544 licebit
1189 2490 1246 2544 nisi
1269 2494 1364 2545 notam

222 2559 286 2612 dem
298 2559 420 2613 dictione
433 2557 574 2614 studiosos
586 2557 699 2614 habebis
711 2557 732 2627 §
744 2564 779 2612 32
805 2559 957 2614 dumtaxat
980 2559 1114 2623 temporis
1138 2573 1201 2612 eum
1224 2572 1288 2613 esse
1304 2564 1363 2613 sta·

222 2628 367 2680 omittitur.
394 2623 571 2692 contra§23
584 2625 725 2682 studiosus
740 2629 779 2681 tui
805 2629 896 2682 tueris
919 2627 958 2681 ad
976 2625 1054 2680 bunc
1071 2626 1182 2681 modum
1205 2641 1285 2680 nemo
1310 2625 1363 2682 iam

223 2710 284 2749 csse
300 2692 452 2755 uidebitur,
474 2690 495 2815 f
511 2697 544 2745 28
562 2710 623 2748 csse
641 2711 703 2748 eum
721 2703 778 2749 stu·
807 2693 917 2750 Galbam
930 2701 957 2748 et
971 2692 1092 2748 Cassium
1106 2701 1201 2761 petere
1214 2701 1301 2760 putat,
1315 2695 1363 2750 uei

223 2760 331 2816 diosum
345 2761 392 2822 tui,
406 2758 427 2823 ,Ι
436 2767 469 2812 57
487 2760 635 2816 nominibus
646 2762 778 2816 studiosis
804 2763 856 2817 iam
871 2761 953 2817 Galba
967 2769 993 2816 et
1006 2761 1114 2816 Cassius
1127 2760 1224 2816 iacent.
1252 2760 1285 2817 P.
1298 2760 1363 2817 Sul·

223 2828 319 2884 nostri.
356 2831 484 2884 ordinem
508 2835 611 2884 autem.
626 2830 779 2884 uerborum
805 2832 898 2896 picius
918 2829 1020 2892 Galba,
1037 2829 1127 2884 indere
1143 2830 1235 2884 tristis
1252 2836 1279 2884 et
1290 2831 1363 2886 inte-

170 2934 174 2939 «
222 2896 298 2952 bunc
315 2912 379 2952 esse
398 2897 543 2963 oportebat
561 2906 591 2951 ut
608 2895 708 2953 habeas
721 2905 779 2952 stu·
805 2914 866 2963 per,
880 2903 1064 2964 quaesturam
1076 2898 1142 2952 iniit
1154 2899 1238 2951 nonis
1254 2899 1363 2952 decem·

223 2963 316 3018 diosus
336 2963 380 3018 ucl
395 2973 426 3018 ut
439 2971 531 3019 teneas
545 2981 616 3030 (litos
631 2963 712 3019 babes
731 2970 782 3019 aut
806 2966 903 3021 bribus
928 2967 999 3020 anni
1026 2982 1052 3020 u.
1082 2981 1106 3020 c.
1131 2963 1365 3020 DOLth'XHII

222 3034 378 3090 tardiorem
390 3032 467 3086 berne
480 3039 510 3086 ut
523 3029 622 3086 babeas
638 3031 683 3086 ucl
695 3040 727 3087 ut
739 3040 779 3087 te·
808 3032 877 3099 (Cic.
905 3033 987 3088 Verr.
1011 3032 1031 3087 Ι
1045 3030 1065 3100 §
1083 3033 1139 3096 30),
1164 3033 1276 3088 biennio
1297 3040 1363 3100 post

222 3114 287 3154 neas
299 3115 371 3166 quos
385 3098 467 3153 tratres
480 3098 629 3161 studiosos,
648 3116 704 3154 non
716 3115 779 3155 eum
805 3106 1113 3181 quaesturamprrretor
1121 3099 1363 3182 factuasesseeum

222 3166 778 3302 tantillitatttltttttt'felte
805 3168 1362 3303 tittttttttttt’sitietis

222 3307 329 3357 mutata
351 3304 438 3369 initur
458 3305 687 3368 interpunctione
705 3320 777 3371 quos
804 3307 844 3360 tia
862 3305 914 3370 (ad
929 3305 984 3360 Att.
1001 3303 1022 3358 I
1035 3308 1085 3369 1,1
1104 3302 1201 3371 pMur.
1217 3301 1304 3373 517).
1328 3304 1360 3360 L.

222 3367 305 3424 babes
328 3372 486 3437 posteriori
515 3372 661 3426 enuntiato
689 3373 777 3426 adtri—
806 3372 924 3429 Cassius
941 3372 1097 3436 Laminas,
1117 3374 1147 3427 in
1163 3377 1304 3438 praetura
1320 3371 1360 3427 M.

221 3437 276 3493 bui.
781 3484 784 3491 .
806 3440 951 3497 Ciceronis
960 3441 1068 3508 eollepa
1078 3437 1275 3495 aDCLXXX
1279 3439 1362 3505 VIII,

264 3511 280 3556 e
299 3505 398 3562 uotum
411 3509 441 3561 in
453 3506 508 3561 lzac
525 3509 699 3574 oppositione
713 3521 778 3562 uer·
804 3510 844 3565 ad
859 3525 939 3576 auem
959 3508 1072 3564 Corneli
1091 3509 1126 3563 de
1148 3511 1294 3564 maiestate
1312 3525 1361 3563 no·
1448 3517 1450 3520 ·

221 3573 319 3629 borum
336 3581 363 3630 et
380 3575 542 3630 distinctius
559 3580 602 3630 est
619 3581 646 3630 et
665 3577 778 3630 acutius
804 3578 1008 3632 mandatotum
1025 3582 1075 3638 est,
1097 3577 1232 3642 repulsus
1249 3579 1279 3631 in
1295 3592 1361 3633 con-

221 3659 304 3708 anum
318 3641 445 3697 Potermi
460 3648 510 3697 aut
526 3643 638 3698 scribae
655 3643 778 3698 alicuius
804 3645 916 3701 solatus
937 3647 1074 3711 petitione
1098 3645 1173 3698 inter
1196 3646 1362 3700 coniuratos

221 3715 405 3765 commentum
426 3725 481 3764 non
504 3710 611 3765 nolunt.
651 3726 690 3766 ea
712 3714 777 3777 ipsa
805 3712 943 3768 Catilinae
959 3713 1016 3780 fuit
1029 3713 1170 3767 incendiis
1183 3712 1263 3768 urbis
1273 3728 1361 3779 prue-

220 3779 361 3832 sententia
384 3777 472 3844 facile
496 3778 680 3845 adseqaimur
704 3779 779 3845 quod
802 3783 913 3848 positus
931 3781 1088 3846 absensque
1103 3786 1192 3835 morte
1209 3781 1361 3835 damnatus

220 3845 340 3910 adiuuat
364 3846 529 3912 pierumque
559 3846 630 3901 solet
653 3846 700 3914 qui
733 3853 777 3901 tua
804 3847 1212 3912 est(oide1)rumonnibist.
1235 3864 1303 3903 rom.
1327 3846 1366 3903 ΙΙ

221 3928 301 3967 causa
315 3911 421 3967 uo¹unt
802 3935 830 3983 p.
847 3922 894 3968 160
907 3916 943 3978 s.)
962 3916 993 3970 bi
1004 3918 1200 3982 competitores
1218 3932 1281 3971 cum
1293 3915 1360 3970 reli·

263 3984 296 4030 to
313 3980 364 4034 iam
378 3983 405 4035 si
416 3981 724 4037 enuntiatumaiterum
736 3981 777 4035 ot-
804 3986 867 4039 cuis
884 3984 993 4040 duobus
1012 3983 1042 4050 Q.
1064 3982 1213 4052 Cornificio
1230 3989 1258 4039 et
1271 3982 1299 4038 C.
1313 3983 1361 4038 Li·

220 4049 277 4102 teri
288 4048 425 4107 adnectit,
436 4065 526 4115 porro
537 4064 659 4116 perpere
672 4051 778 4105 oratio·
805 4053 879 4106 cinio
898 4051 1066 4116 Sacerdote,
1090 4067 1161 4118 auos
1179 4051 1301 4118 Quintus
1319 4058 1361 4107 ut·

221 4116 455 4171 nemindicatad
470 4117 527 4172 alia
545 4133 580 4172 ac
597 4134 680 4172 norea.
705 4134 777 4184 auae
802 4125 865 4186 pote
890 4119 1018 4175 homines
1045 4119 1181 4184 innobiles
1211 4135 1246 4174 ne
1271 4121 1360 4175 nomi-

220 4185 380 4238 coniunctio
409 4185 543 4240 obhorret
573 4186 608 4239 ab
635 4185 689 4240 boc
716 4186 776 4240 loco
803 4187 1361 4255 naeritauidem,atiauontoantecomitia

219 4267 273 4314 auo
292 4250 415 4317 Quintus
432 4253 463 4306 id
485 4253 560 4319 arrad
576 4253 611 4308 de
629 4255 776 4308 uniuersis
802 4272 891 4323 prope
907 4255 1031 4312 iacebant
1049 4261 1080 4310 ut
1095 4256 1237 4311 Asconius
1261 4255 1362 4312 scribit

141 4367 142 4370 ,
219 4321 447 4385 competitoribus
476 4321 594 4375 dixerat
626 4320 774 4383 nobilibus,
802 4325 1361 4391 in(aranmantoorationisquamintopa

219 4387 382 4454 sinpittatim
410 4388 559 4456 explicare
587 4391 686 4456 coepit.
724 4404 776 4445 aec
802 4393 926 4448 candida
941 4391 1156 4448 Cicerobobuit.
