2970 5010
199 338 257 412 26
469 408 472 416 ¹
623 332 744 413 111111
767 350 950 400 ercnuours

216 486 345 570 alienum
375 507 534 570 arbitratus
563 509 598 568 ad
623 516 657 568 te
675 509 863 588 perscribere
892 528 924 569 ea
949 527 1024 587 (puae
1053 509 1123 569 milri
1148 508 1304 570 veniebant
1327 511 1357 569 in

217 597 346 681 mentem
371 619 434 680 dies
456 638 490 679 ac
513 625 616 679 noctes
640 617 676 678 de
698 620 841 697 petitione
863 625 913 680 tua
936 621 1087 698 cogitanti,
1112 638 1171 679 non
1193 627 1225 679 ut
1247 617 1356 697 aliquid

218 749 254 790 ex
275 730 321 791 bis
344 731 412 790 novi
433 729 620 798 addisceres,
650 735 695 788 set
717 737 749 806 ut
772 747 805 788 ea
829 728 904 806 quae
932 731 961 789 in
990 748 1023 789 re
1046 729 1179 808 dispersa
1202 735 1290 806 atque
1312 730 1356 789 in-

217 842 298 901 linita
327 840 499 900 viderentur
519 857 607 928 esse,
637 840 751 899 ratione
781 846 810 899 et
837 838 1045 900 distributione
1072 836 1126 900 sub
1154 857 1213 899 uno
1237 847 1358 919 aspectu

217 958 409 1030 ponerentur.
1182 936 1186 941 ’
1370 966 1383 1006 s

178 1071 199 1120 u
301 1059 407 1122 Civitas
434 1079 509 1140 quae
538 1061 576 1121 sit
604 1061 716 1138 cogita,
746 1059 817 1137 qnid
845 1067 944 1138 petas,
975 1061 1025 1139 qui
1048 1061 1098 1120 sis.
1135 1075 1227 1138 prope
1250 1057 1358 1118 cotidie

217 1169 271 1231 tibi
292 1171 349 1232 hoc
372 1169 528 1231 adfurum
551 1154 744 1232 descendenti
766 1169 993 1230 meditandumst
1021 1170 1125 1230 ‘novus
1147 1187 1226 1239 sum,
1251 1187 1358 1230 consu-

218 1262 307 1341 latum
331 1291 416 1360 peto,
432 1281 532 1356 ¹Roma
556 1281 627 1342 est'.
930 1287 932 1289 ’

301 1390 434 1452 Nominis
457 1392 616 1452 novitatem
639 1389 756 1451 dicendi
775 1388 870 1468 gloria
886 1391 1014 1450 maxime
1029 1385 1205 1450 sublevabis.
1240 1406 1358 1468 semper

218 1522 251 1563 ca
274 1519 323 1561 res
346 1500 507 1580 plurimum
530 1501 680 1578 dignitatis
702 1500 813 1561 babuit.
857 1519 917 1560 non
941 1508 1039 1578 potest
1061 1501 1111 1577 qni
1134 1500 1241 1588 diguus
1267 1498 1358 1559 111111-
1374 1483 1419 1558 11“

219 1619 265 1672 tur
289 1619 429 1690 patronus
458 1610 672 1681 consularium,
701 1610 841 1688 indiguus
870 1609 1024 1671 consulatu
1053 1587 1162 1689 putari.
1207 1629 1294 1689 quam
1320 1607 1358 1668 ob

218 1740 280 1783 rem
304 1723 442 1798 quoniam
471 1719 507 1781 ab
537 1721 592 1782 bac
620 1720 706 1782 laude
729 1720 930 1800 proficisceris
960 1729 988 1780 et
1011 1720 1149 1800 quiequid
1174 1738 1219 1789 es,
1244 1738 1280 1779 ex
1302 1719 1359 1778 boc

218 1851 262 1902 es,
287 1833 327 1892 ita
349 1838 471 1910 paratus
493 1831 529 1890 ad
552 1830 712 1891 dicendum
735 1832 843 1901 venito,
867 1832 951 1911 qnasi
973 1831 1003 1891 in
1026 1830 1150 1908 singulis
1166 1831 1261 1891 causis
1283 1828 1361 1889 indu.

218 1943 297 2003 cium
325 1942 363 2001 de
392 1942 471 2001 omni
494 1942 620 2019 {ingenio
649 1943 781 2002 luturnm
811 1943 859 2002 sit.
911 1941 975 2000 eius
1004 1939 1150 2001 facultatis
1177 1939 1358 2008 adiumenta,

217 2071 291 2132 iprae
315 2050 367 2111 tibi
389 2053 450 2111 scio
473 2069 538 2112 esse
561 2052 704 2131 seposita,
732 2059 765 2111 nt
786 2059 887 2132 parata
910 2070 944 2111 ac
972 2060 1107 2130 prompta
1134 2051 1193 2110 sint
1219 2067 1305 2118 cura,
1330 2055 1360 2108 et
1374 2067 1398 2106 15

217 2181 306 2242 saepe
333 2180 408 2242 qnae
437 2163 475 2221 dc
497 2161 702 2222 Demosthenis
730 2162 827 2223 stndio
858 2170 887 2222 et
916 2163 1127 2223 exercitatione
1157 2161 1276 2238 scripsit
1303 2160 1359 2220 De·

185 2284 201 2332 3
219 2274 352 2342 melcina,
375 2272 546 2333 recordare.
592 2272 704 2333 Deinde
719 2295 736 2334 s
751 2281 784 2334 ut
807 2273 970 2334 amicorum
987 2280 1016 2332 et
1031 2270 1189 2332 multitudo
1205 2278 1234 2332 et
1250 2288 1358 2348 genera

284 2463 300 2510 3
319 2458 486 2509 1111111111
512 2460 658 2510 Wunderus
676 2461 788 2510 enotam't
806 2476 820 2509 e
838 2461 935 2522 codice,
955 2475 1004 2509 non
1015 2458 1165 2524 Meynckius
1182 2456 1185 2514 Ι
1201 2460 1216 2508 5
1234 2465 1293 2521 post
1311 2474 1359 2523 po·

218 2532 349 2578 necentur
370 2529 459 2576 additu
481 2528 544 2577 baec
566 2535 728 2592 quamquam
753 2526 897 2593 plurimum
921 2531 1021 2576 natura
1044 2527 1122 2576 ualet
1140 2532 1232 2576 tamen
1250 2525 1360 2576 uidetur

217 2596 245 2644 in
267 2610 414 2660 paucorum
437 2610 559 2644 mensum
583 2597 699 2660 negocio
722 2611 801 2660 posse
821 2595 961 2646 simulatio
984 2599 1141 2644 naturarum
1165 2595 1275 2644 uincere
1295 2609 1360 2659 quae

218 2664 346 2713 Puteanus
363 2663 390 2712 in
406 2657 427 2730 ἕ
445 2663 882 2713 421111111111111111111111111
905 2670 1005 2712 secutus
1027 2669 1091 2712 teste
1112 2663 1220 2712 Gruterc
1241 2659 1245 2723 Ι
1272 2663 1360 2729 tifpr-

218 2739 286 2781 tasse
309 2745 406 2795 nempe
430 2730 532 2780 cotidie
551 2727 558 2799 Ι
578 2731 692 2780 cottidie
712 2729 716 2795 Ι
736 2733 751 2781 1
770 2730 957 2781 descendendi
977 2729 981 2793 Ι
1000 2728 1186 2780 meditandum
1209 2733 1252 2780 est
1279 2729 1360 2792 Tyde·

217 2815 303 2849 inaniis
324 2799 444 2848 Baiterus
461 2815 527 2863 epo:
545 2797 729 2849 meditandum
753 2800 790 2848 sit
813 2797 817 2861 Ι
843 2801 874 2850 15
892 2799 966 2848 socio
990 2795 996 2864 Ι
1021 2799 1051 2848 16
1073 2814 1143 2864 quae
1163 2797 1330 2848 demostenis
1355 2794 1358 2862 Ι

219 2870 250 2916 17
268 2866 367 2916 deinde
384 2872 428 2915 ut:
446 2868 594 2932 imperantis
611 2868 713 2916 uerbum
730 2868 860 2917 intercidit

287 3021 300 3067 1
320 3020 470 3068 arbitratus
494 3018 615 3067 alienum
638 3021 697 3068 147
721 3020 892 3069 51122124
911 3021 960 3068 121
984 3015 989 3083 Ι
1012 3023 1027 3070 3
1046 3017 1203 3068 addisceres
1222 3020 1291 3067 rso:
1311 3016 1359 3066 ed-

218 3085 338 3136 dicerem
356 3089 365 3134 1
383 3089 418 3136 38
437 3086 575 3136 adicerem
594 3089 603 3134 1
622 3088 656 3135 36
675 3087 823 3136 adiicerem
843 3088 866 3136 L
886 3086 1038 3136 ediscerem
1056 3104 1110 3136 cuni
1126 3087 1303 3150 superscripto
1322 3084 1359 3138 ai.

219 3154 341 3203 disceres
364 3155 389 3203 V
410 3153 583 3215 addiscerem
607 3156 668 3204 ‘duo
691 3157 869 3219 manuscripti’
890 3155 1006 3205 Lambini
1031 3157 1036 3215 Ι
1062 3157 1078 3204 4
1101 3153 1230 3204 uidentur
1248 3157 1256 3202 1
1274 3156 1291 3203 3
1312 3155 1360 3202 117

220 3222 319 3281 12716
339 3221 460 3285 quotidie
480 3221 514 3271 ad
533 3222 621 3271 forum
639 3222 691 3272 tibi
710 3222 887 3272 descendenti
908 3223 1094 3274 meditandum
1112 3222 1164 3272 hoc
1187 3220 1360 3285 111111111-

218 3286 1357 3356 1111261111111111111111191111111111.1336Ι14111111111111151Ι

221 3360 389 3423 1511111111
408 3372 441 3406 ac
460 3360 766 3422 111111134849127
781 3363 784 3421 Ι
802 3360 832 3408 17
851 3357 949 3408 deinde
969 3363 997 3407 et
1015 3357 1161 3408 amicorum
1178 3356 1359 3406 multitudob

261 3514 276 3559 6
294 3525 347 3564 cur
359 3510 434 3564 dicit
450 3525 539 3577 prope
557 3506 658 3564 cotidie
675 3507 776 3564 Marco
803 3511 905 3564 minem
921 3508 1042 3564 Marcus
1060 3524 1092 3563 co
1110 3513 1247 3574 tempore,
1269 3523 1358 3573 111-

219 3577 777 3638 11111111111111111111,11111111-
803 3582 860 3632 tum
877 3579 988 3645 quidem
1005 3577 1144 3640 sciamus,
1168 3576 1276 3630 111111
1293 3576 1359 3630 dum
1458 3608 1466 3613 -

220 3644 303 3700 tidie?
320 3660 355 3699 ne
367 3647 426 3700 sint
437 3646 539 3700 cotidie
552 3660 634 3700 manc
647 3645 723 3700 soliti
735 3647 776 3699 ni·
803 3645 975 3714 defenderat
988 3647 1017 3699 in
1029 3645 1143 3699 indicio.
1259 3708 1264 3717 ¹

219 3714 308 3767 sitare
321 3713 426 3780 forum,
439 3730 494 3779 quo
507 3728 705 3768 consensuum
715 3715 776 3780 ipse
846 3718 879 3763 14
901 3712 1066 3774 adiumenta]
1085 3712 1182 3767 studia
1199 3727 1233 3765 ac
1250 3711 1359 3776 scriptu

220 3779 447 3835 adhortationem
463 3783 503 3835 ita
519 3782 681 3848 infirmasse
693 3787 776 3848 piata·
802 3780 898 3835 Murci
915 3780 1059 3834 rhetorica
1082 3796 1202 3847 quorum
1222 3783 1308 3834 testes
1326 3778 1358 3832 ii·

219 3848 312 3902 bitur?
330 3853 359 3902 at
371 3849 401 3902 in
413 3845 473 3917 §it
484 3849 538 3902 hoe
546 3857 679 3915 repetens
689 3864 776 3916 prae·
803 3849 869 3903 bros
882 3848 916 3903 de
929 3849 1093 3903 inventione
1107 3847 1249 3902 babemus.

219 3921 330 3982 ceptum
347 3921 411 3982 apte
427 3917 502 3971 diacit
519 3915 594 3984 qrrod
612 3915 662 3971 tibi
675 3916 776 3971 cotidie
837 3921 869 3966 11
877 3915 1231 3971 Demetriustatereusin
1238 3913 1360 3970 1111111-

219 3982 252 4038 ad
277 3983 368 4038 iorum
393 3983 567 4039 descendenti
591 3984 777 4039 meditandum
803 3984 959 4039 mostbcnis
1001 4000 1065 4038 num
1088 3983 1208 4039 Marcus
1233 3982 1362 4037 adtribuit

213 4067 282 4125 esse
300 4051 427 4106 dixeram.
469 4054 565 4118 itaque
583 4067 680 4120 nempe
703 4053 775 4107 scri·
804 4053 838 4107 rte
852 4052 941 4106 diuin.
955 4000 1020 4119 1Ῐὲ
1031 4056 1071 4105 91.

218 4120 314 4184 psisse
332 4118 466 4185 Quintum
484 4121 605 4183 conieci,
628 4122 684 4174 iam
702 4121 776 4174 enim
842 4125 874 4170 17
892 4127 923 4173 ut
934 4119 1301 4186 particulanonbabctcno
1314 4133 1360 4171 re-

221 4187 398 4254 ceptanatur
409 4189 550 4242 sententia
562 4190 696 4253 superior
710 4188 776 4254 fini·
802 4187 933 4253 feratur,
957 4189 1015 4242 nisi
1027 4186 1161 4253 Quintum
1173 4204 1191 4241 a
1203 4201 1268 4241 cura
1286 4187 1360 4240 iuste

221 4255 327 4321 busque
339 4255 585 4311 circumscribitur
597 4257 693 4309 certis.
799 4271 987 4321 proqrcssum
997 4271 1085 4322 usquc
1093 4255 1132 4310 ad
1140 4253 1285 4309 recordare
1295 4253 1360 4309 sub-

264 4326 296 4373 11
320 4322 418 4391 dignus
436 4321 562 4388 babetur]
588 4323 628 4376 ita
650 4324 776 4388 scripsit,
804 4325 841 4376 ito
854 4329 989 4390 tanquam
1000 4324 1192 4388 petauristam
1210 4321 1361 4381 resiluisse

223 4390 777 4459 1111111111111111111111111-
803 4392 842 4447 ad
857 4407 923 4447 cura
940 4391 1052 4448 credas.
1080 4395 1138 4447 tum
1160 4390 1361 4446 1111111111-
