2970 5010
209 303 233 406 '6

113 468 117 476 ’
214 474 345 536 domines
372 473 573 549 appettetque,
602 473 684 532 serui
710 476 807 531 tamen
836 471 1064 532 nomenclatoris
1095 473 1267 533 mentionem
1299 491 1357 534 non
1420 517 1422 521 ,

144 574 146 579 ’
211 576 295 650 feeit,
318 577 389 650 quia
411 575 601 634 interdictam
623 577 691 633 erat
707 573 883 648 petitoribus
905 574 957 647 qui
976 588 1051 632 sane
1070 575 1207 647 plerique
1228 579 1357 636 camie-

212 694 281 754 qcm
303 679 419 739 omnino
441 675 686 751 aspernabantur
707 692 745 734 ne
766 675 909 734 baberent
930 677 1185 734 nomenclatorem.
1225 681 1359 738 conuiuia

212 786 315 850 *autem
337 779 417 854 quod
438 795 457 837 a
477 777 580 851 fratre
602 783 630 837 et
650 777 689 835 ab
710 779 815 837 amicis
837 779 900 838 eins
922 776 1126 837 concelebrari
1146 783 1175 838 et
1194 783 1309 853 passim
1331 790 1359 841 ct

217 883 349 942 tributim
372 880 459 948 iubet,
480 886 549 955 post
569 895 680 939 annuum
703 880 820 938 demum
841 881 939 939 senati
962 881 1125 938 consultum
1149 879 1290 941 Cicerone
1310 900 1358 943 re-

213 983 334 1058 ferente
352 982 470 1055 factnm
498 988 555 1050 est,
584 983 611 1040 si
629 981 767 1055 prandia
794 983 880 1054 uotqo
907 982 981 1039 data
1003 986 1112 1048 essent,
1135 988 1244 1041 contra
1265 986 1359 1057 Icqem

219 1086 419 1164 Calpurniam
439 1066 558 1156 factum
581 1083 686 1144 uideri.
717 1085 815 1157 lequm
831 1083 924 1155 iqitur
939 1083 1213 1142 observantissimus
1235 1083 1360 1155 (iacintus

215 1203 282 1248 cnm
304 1188 474 1261 ceteroquin
504 1186 625 1245 bonesta
652 1186 750 1245 minus
777 1199 865 1258 quam
895 1187 1065 1244 necessaria
1092 1187 1258 1264 curaverit,
1281 1202 1359 1246 eom-

216 1273 426 1350 mentariotnm
453 1289 518 1348 eins
544 1284 697 1361 epreqium
732 1287 873 1346 babemus
900 1287 1069 1351 ambitionis
1097 1286 1182 1360 quati
1207 1286 1361 1348 Romanius

218 1398 279 1452 tum
295 1396 433 1467 optumus
447 1391 570 1464 quisque
584 1389 765 1449 adsueuerat
780 1389 947 1463 exemplum
969 1389 999 1447 in
1014 1389 1173 1460 confinium
1189 1390 1361 1464 perductae

219 1495 294 1562 iuris
316 1499 345 1552 et
367 1493 508 1554 iniuriae.
1223 1546 1225 1550 .
1348 1484 1352 1489 ’

304 1594 517 1669 antiquarium
541 1595 624 1669 tetiqi
645 1594 732 1653 buius
754 1594 847 1654 libelli
865 1593 1029 1653 utilitatem.
1061 1609 1161 1654 acram
1180 1609 1276 1668 qenns
1291 1612 1361 1671 quo·

218 1714 274 1772 qne
295 1696 448 1758 scribendi
468 1712 562 1770 eaque
584 1712 674 1770 quam
689 1698 831 1756 extremis
847 1695 943 1754 uerbis
959 1695 1084 1766 Quintus
1098 1712 1171 1755 snae
1192 1700 1362 1773 scripturae

218 1801 389 1860 conciliauit
411 1798 576 1861 auctoritas
597 1797 687 1856 babet
708 1797 788 1872 qnod
808 1811 861 1856 nos
881 1798 1017 1856 retincat.
1048 1813 1118 1857 nam
1133 1814 1199 1858 cum
1215 1798 1253 1858 dc
1264 1800 1362 1874 publi-

219 1917 274 1962 cac
295 1903 374 1961 uitae
395 1908 573 1974 arqumento
600 1901 715 1974 scripta
742 1901 780 1958 sit
807 1898 850 1956 ad
871 1899 977 1958 Marci
1002 1901 1213 1960 institutionem
1235 1903 1362 1976 epistula

218 2003 273 2063 sed
293 2010 353 2062 tam
375 2004 479 2076 ampla
508 2002 652 2076 totiusque
673 2002 720 2060 rei
745 2002 882 2060 notitiam
904 2003 1064 2080 eomplena
1091 2003 1219 2077 epistula
1241 2010 1273 2064 ut
1286 2013 1363 2078 pro-

220 2104 316 2172 desse,
336 2119 400 2165 eam
434 2103 524 2162 ctiam
557 2105 663 2163 ceteris
693 2103 870 2178 petitoribus
895 2119 981 2178 posse
1008 2107 1040 2164 in
1065 2102 1206 2175 futurum
1233 2109 1364 2181 scriptor

218 2207 388 2280 sperauerit
409 2207 532 2278 ideoque
559 2205 629 2264 insti
649 2207 848 2272 cominentari,
869 2207 966 2264 instar
993 2205 1044 2265 cdi
1065 2207 1188 2266 calamit
1216 2207 1247 2264 in
1267 2209 1363 2281 publi-

219 2322 295 2376 cum,
319 2323 359 2366 en
381 2308 531 2380 isaqoqico
552 2306 632 2366 banc
653 2306 786 2366 libellum
812 2323 876 2366 esse
900 2324 1011 2381 ponere
1042 2308 1208 2367 litterarum
1233 2315 1365 2386 apparet

220 2409 258 2467 dc
272 2424 330 2482 qno
345 2407 379 2468 L.
399 2407 584 2468 MercIrlinns
604 2410 636 2467 ia
654 2408 808 2482 Pleiloloqo
823 2408 842 2466 I
850 2409 877 2468 V
885 2426 919 2484 p.
940 2415 998 2467 413
1019 2424 1057 2468 ss.
1076 2409 1156 2470 discit
1174 2408 1275 2480 Ouinti
1287 2412 1365 2470 male

125 2505 129 2513 “
219 2510 333 2580 oblitus,
350 2509 432 2585 qnod
444 2526 574 2569 romana
588 2526 662 2584 qens
676 2512 707 2570 ia
723 2526 833 2570 morem
844 2512 990 2570 maiorum
1002 2527 1161 2585 rerumque
1176 2528 1260 2571 usum
1275 2529 1364 2587 quam

222 2614 253 2672 in
274 2612 375 2673 studia
397 2611 566 2671 aduenticia
589 2612 814 2686 doctrinamque
832 2615 1013 2688 propensior
1028 2618 1111 2673 tanto
1126 2631 1216 2690 opere
1230 2615 1368 2690 probauit

222 2720 254 2776 ut
270 2709 615 2792 permultaslittenarnm
638 2722 827 2775 monumenta
849 2716 880 2775 in
900 2717 1006 2790 primis
1021 2715 1063 2773 nd
1076 2716 1220 2775 bistoriue
1242 2719 1364 2776 artium

222 2833 278 2892 que
301 2816 492 2891 disciplinam
511 2817 691 2892 pertinentia
713 2827 753 2877 erc
775 2818 830 2876 illa
853 2817 952 2876 indole
974 2831 1011 2876 ac
1032 2818 1183 2876 uotuntatc
1202 2818 1365 2890 repetenda

121 2995 126 2999 .
222 2919 382 2980 uideantur
414 2920 474 2978 siue
504 2934 562 2992 per
590 2919 744 2978 continuus
772 2918 1000 2991 maqistratuum
1026 2919 1255 2991 pontificumque
1289 2920 1366 2978 uices

221 3022 383 3095 composita
399 3019 637 3094 antiquitus-siae
650 3026 758 3095 postea
776 3021 922 3094 priuatim
937 3036 956 3078 a
971 3021 1097 3092 sinqntis
1118 3018 1265 3094 confecta,
1288 3023 1367 3080 aetia

220 3123 355 3198 priscum
383 3124 551 3198 exemptum
578 3127 611 3182 nt
636 3137 812 3197 componam
839 3137 906 3183 cnm
932 3126 1080 3196 postremo
1103 3123 1217 3195 aliquo,
1248 3121 1366 3182 Catonis

223 3224 295 3286 libri
315 3223 358 3282 ad
375 3225 471 3295 fitium
488 3229 517 3283 ct
530 3223 670 3282 Frontini
691 3223 729 3282 de
750 3224 837 3297 aquis
851 3224 1090 3311 commentarius.
1117 3239 1285 3298 proxumus
1297 3224 1366 3296 fere

204 3325 365 3398 ‘Quintum
398 3327 497 3387 Varro
519 3331 731 3401 praecesserat
764 3326 910 3385 consimili
942 3327 1079 3400 exemplo
1106 3326 1144 3386 de
1172 3343 1228 3400 quo
1258 3326 1367 3386 Gellius

222 3427 330 3487 XIIII
343 3434 360 3486 7
375 3429 506 3488 rettulit:
529 3427 687 3503 Pompeius
705 3443 772 3488 cum
784 3429 915 3504 primum
937 3430 1125 3490 consulatum
1144 3430 1272 3488 initurus
1294 3439 1368 3488 esset

176 3524 183 3530 ’
225 3546 304 3590 aruno
326 3527 586 3599 DOLIIIIIIIIII,
613 3530 751 3603 quoniam
769 3546 830 3606 per
851 3532 974 3592 militiae
996 3536 1129 3605 tempora
1151 3545 1253 3589 rerum
1276 3530 1366 3589 urba-

224 3648 334 3692 norum
355 3616 534 3706 senatusque
555 3648 665 3707 enpcrs
683 3631 805 3704 fnisset,
837 3634 1000 3693 Varronem
1019 3631 1206 3704 familiarem
1227 3632 1290 3688 eins
1311 3647 1367 3690 ro-

222 3740 330 3808 qotnm.
347 3750 409 3794 esse
431 3740 463 3794 nt
484 3736 727 3816 commentorium
751 3733 872 3806 faceret
898 3734 1097 3808 ianoqicum,
1120 3734 1164 3793 sic
1185 3733 1262 3790 enim
1290 3735 1367 3792 Vor-

224 3853 328 3897 ranem
349 3839 448 3914 ipsam
470 3838 652 3914 appellasse,
681 3852 722 3894 erc
747 3850 804 3909 quo
826 3820 983 3911 Pompeius
1011 3833 1138 3894 disceret
1163 3834 1238 3908 quid
1260 3833 1368 3906 facere

226 3939 385 4012 dicereque
408 3939 527 4000 deberet
548 3954 614 3999 cum
637 3943 771 3997 senatum
786 3939 959 3998 consuleret.
991 3938 1016 3996 is
1037 3933 1268 3998 commentarius
1283 3937 1368 3996 Pom-

222 4042 293 4118 peio
312 4039 414 4115 foetus
435 4057 502 4101 cum
522 4047 625 4115 posteo
642 4041 797 4118 periisset,
830 4043 990 4099 Varroriem
1007 4039 1037 4097 in
1051 4039 1127 4098 libro
1148 4041 1368 4118 epistolicarum

227 4144 431 4218 quaestionum
453 4144 581 4218 epistula
604 4143 647 4202 od
677 4139 845 4216 Oppianum
874 4141 971 4202 denno
998 4158 1035 4201 ea
1063 4141 1101 4201 de
1121 4158 1155 4200 rc
1184 4141 1367 4200 disseruisse.

227 4259 316 4318 quam
339 4250 437 4304 antem
466 4244 565 4305 Varro
591 4245 710 4320 copiose
730 4245 878 4303 consutam
900 4245 1033 4304 docuerit
1061 4245 1098 4303 de
1124 4241 1227 4315 officio
1248 4246 1369 4300 senatus

228 4345 371 4415 babendi,
404 4347 501 4422 ipsum
530 4348 607 4410 Gelli
625 4349 819 4407 summarium
847 4348 1041 4409 demonstrat.
1085 4334 1146 4404 iam
1173 4359 1241 4404 acro
1269 4341 1372 4414 Quinti
