2970 5010
413 389 416 393 ·
468 365 799 414 conuuurrurouvu
822 365 1022 415 rurrrrours
1273 352 1314 415 63

173 523 336 582 excitamus
364 532 394 582 et
420 523 445 583 si
479 522 650 584 bominibus
683 523 824 584 studiosis
853 521 1077 602 [gratiosisque]
1109 502 1213 584 nostri
1229 542 1314 584 suum

134 627 137 633 ’
172 633 279 708 cuique
301 651 409 693 munus
431 631 620 694 discribimus
643 634 719 694 etsi
742 631 986 712 competitoribus
1010 632 1151 694 iudicium
1173 635 1314 713 proponi·

172 759 245 811 mus,
269 741 472 822 sequestribus
494 750 606 804 metum
630 744 782 811 inicimus,
807 741 950 803 divisores
974 744 1087 804 ratione
1110 743 1207 823 aliqua
1230 762 1313 804 coer·

172 869 282 921 cemus,
305 853 408 931 perfici
430 859 529 932 potest
550 859 583 912 ut
604 851 721 930 largitio
744 849 825 913 nulla
847 853 886 912 sit
907 860 957 913 aut
978 852 1052 913 nihil
1075 851 1176 913 valeat.

145 977 158 1016 s
256 961 335 1022 llaec
357 969 441 1032 sunt,
470 980 545 1041 quae
574 963 674 1042 putavi
701 979 761 1021 non
784 960 890 1023 melius
913 963 992 1024 scire
1013 981 1061 1023 me
1084 981 1172 1042 quam
1194 970 1240 1034 te,
1269 971 1315 1024 set
1332 979 1365 1027 as

170 1069 285 1132 facilius
309 1070 356 1131 his
379 1073 437 1133 tuis
460 1069 706 1152 occupationibus
729 1069 869 1149 colligere
892 1089 983 1132 unum
1006 1073 1038 1131 in
1060 1071 1159 1133 locum
1174 1092 1262 1152 posse
1285 1082 1314 1134 et

169 1179 206 1241 ad
228 1187 257 1242 tc
280 1181 446 1260 perscripta
470 1183 595 1242 mittere.
641 1197 716 1258 quae
743 1181 870 1241 tametsi·
888 1183 928 1242 ita
950 1189 1021 1242 sunt
1042 1184 1168 1262 scripta,
1198 1192 1312 1243 utnon

170 1289 206 1349 ad
229 1309 332 1351 omnes
355 1292 405 1368 qui
428 1291 557 1351 bonores
580 1294 699 1370 petant,
724 1299 769 1351 set
796 1290 832 1350 ad
854 1297 884 1352 te
906 1293 1028 1371 proprie
1051 1297 1080 1352 et
1101 1292 1137 1352 ad
1162 1291 1239 1354 banc
1262 1311 1312 1372 pe·

170 1401 304 1460 titionem
327 1408 406 1461 tuam
429 1399 558 1473 valeant,
582 1408 680 1461 tamen
703 1407 734 1460 tu
756 1400 853 1478 siquid
876 1401 1049 1462 mutandum
1079 1420 1145 1462 esse
1167 1402 1314 1463 videbitur

133 1516 221 1569 roaut
249 1511 371 1570 omnino
399 1506 564 1570 tollendum
593 1519 642 1570 aut
675 1509 772 1588 siquid
809 1511 865 1570 erit
891 1512 1100 1590 praeteritum,
1136 1511 1222 1572 velim
1257 1511 1313 1572 boc

170 1618 242 1678 mihi
269 1618 360 1680 dicas.
411 1618 476 1679 volo
504 1621 583 1680 enim
619 1618 682 1699 hoa
709 1619 987 1682 commentariolum
1020 1622 1173 1700 petitionis
1209 1620 1313 1682 haberi

170 1731 250 1789 omni
272 1730 387 1790 ratione
409 1729 584 1809 perlectum.

238 1916 251 1963 1
270 1914 368 1964 studiis
384 1913 390 1977 Ι
409 1915 595 1980 gratiosisque
611 1870 705 1967 seclusi
723 1912 728 1981 Ι
747 1917 764 1965 2
781 1914 964 1967 describimus
984 1915 989 1982 Ι
1009 1900 1165 1982 3⁴aliquam
1183 1934 1232 1983 per
1249 1934 1313 1969 eom·

168 1983 286 2045 pendium
305 1980 309 2046 Ι
331 1983 507 2034 cohercemus
527 1980 531 2048 Ι
550 1986 568 2034 4
585 1984 624 2034 sit
639 1985 752 2048 scripsi:
770 1982 801 2033 fit
820 1983 825 2047 Ι
844 1985 860 2033 8
878 1985 1044 2048 peticionem
1060 1984 1064 2050 Ι
1081 1988 1112 2035 11
1131 1986 1312 2037 cimentorio-

168 2049 223 2098 lum
240 2049 388 2114 peticionis

238 2219 251 2267 1
270 2218 401 2270 studiosis
424 2220 611 2285 gratiosisque
630 2221 662 2280 L,
683 2221 815 2284 gratiosis
834 2221 1021 2285 studiosisque
1039 2225 1047 2272 t
1064 2225 1098 2271 50
1117 2220 1121 2287 Ι
1142 2225 1157 2272 2
1175 2221 1312 2273 distribui·

168 2301 228 2336 mus
246 2302 298 2350 pro
321 2287 502 2338 describimus
524 2289 658 2338 Palatinus
687 2287 691 2351 Ι
716 2291 731 2338 3
755 2288 779 2336 si
801 2295 844 2337 arrt
867 2288 907 2338 sic
929 2297 973 2338 aut
996 2289 1020 2339 si
1043 2305 1077 2338 ex
1095 2291 1269 2354 equestribus
1287 2292 1311 2341 L

168 2362 274 2418 praeter
291 2357 325 2403 50
350 2353 354 2418 Ι
381 2357 464 2405 daut
481 2361 540 2405 ante
557 2354 636 2404 nulla
654 2357 715 2407 add.
734 2358 743 2404 l
761 2358 796 2405 36
813 2359 846 2405 50
872 2354 986 2418 lfiatb
1010 2355 1015 2421 Ι
1038 2357 1134 2408 bisbis
1153 2360 1208 2407 tuis
1226 2362 1235 2408 t
1252 2362 1285 2409 50
1306 2356 1309 2425 Ι

169 2421 317 2471 itometsi
335 2425 344 2470 t
362 2424 414 2471 36:
443 2428 499 2471 tam
517 2425 562 2472 l3
591 2427 684 2472 tamen
701 2427 711 2473 t
728 2425 761 2471 47
778 2425 812 2472 50
830 2425 880 2473 122
900 2422 951 2473 127
979 2425 1145 2475 tamenetsi
1166 2428 1308 2493 iretiqait

168 2489 184 2537 8
202 2491 297 2553 petent
314 2491 323 2538 t
340 2492 374 2537 50
393 2487 397 2553 Ι
424 2490 585 2554 petitionem
604 2494 679 2539 tuam
697 2493 707 2540 t
725 2492 760 2540 38
778 2492 845 2540 117:
863 2495 939 2541 tuam
957 2507 1003 2543 om.
1022 2496 1032 2542 t
1049 2496 1065 2542 3
1085 2496 1128 2555 36,
1147 2497 1223 2543 tuam
1241 2495 1309 2558 peti-

169 2556 272 2606 tionem
290 2559 299 2606 l
315 2558 408 2622 reliqui
422 2555 426 2621 Ι
442 2560 457 2606 9
475 2557 528 2607 tibi
545 2557 704 2608 mutandum
722 2561 732 2608 t
748 2560 781 2607 50
797 2557 801 2624 Ι
818 2561 847 2608 11
867 2558 920 2610 hoc
940 2561 1011 2610 enim
1030 2564 1039 2610 l
1057 2562 1092 2611 38
1108 2561 1161 2612 hoc
1179 2578 1225 2612 am.
1239 2564 1249 2610 t
1262 2565 1311 2611 117

168 2621 220 2674 hoc
238 2623 305 2672 mihi
321 2623 381 2674 libri
396 2625 510 2676 Paterni

168 2791 219 2846 stri
231 2806 265 2847 ca
277 2790 428 2848 Manutius
440 2794 483 2849 sia
491 2794 610 2849 inuertit
622 2793 725 2860 gratio·
797 2798 814 2845 4
831 2791 862 2848 fit
878 2793 1013 2862 faciliore
1025 2795 1094 2851 mibi
1106 2799 1152 2853 nia
1164 2797 1203 2852 ad
1214 2797 1250 2853 sit
1262 2813 1308 2853 re-

167 2860 205 2914 sis
231 2858 419 2930 studiosisque
445 2861 546 2924 nostri,
578 2861 725 2917 Gesnerus
751 2861 819 2916 duei
829 2879 913 2928 quam
923 2863 962 2917 ad
970 2861 1017 2918 irat
1027 2864 1187 2920 uidebatur.
1210 2881 1309 2932 nempe

166 2927 220 2982 boc
232 2928 312 2983 modo
329 2928 460 2984 studiosis
480 2928 569 2984 nostri
582 2929 725 2998 gratiosis·
751 2931 778 2984 si
793 2932 851 2985 uim
867 2931 950 2986 uerbi
966 2933 1115 3000 utriusque
1137 2933 1184 2988 uel
1199 2939 1308 2988 statera

166 3011 229 3062 que.
258 2997 293 3051 de
309 2999 446 3063 pretiosis
463 2997 623 3053 bominibus
636 3013 724 3065 pror·
750 2999 910 3063 examines,
923 3000 1050 3066 quantita
1062 3003 1191 3068 reperies
1203 3002 1308 3056 discri-

166 3078 218 3116 sus
235 3079 292 3117 non
315 3065 431 3120 debebat
451 3067 676 3121 commemoratio
694 3067 725 3120 ia
750 3081 814 3120 men
840 3081 939 3122 eorum
962 3067 1034 3123 nibil
1054 3069 1153 3125 ualere
1181 3069 1308 3124 arbitror

165 3129 221 3184 bac
248 3131 431 3188 conclusione
460 3135 636 3198 instaurari,
667 3135 724 3187 iam
750 3135 789 3188 ad
816 3135 937 3190 alterum
965 3140 1061 3191 utrum
1089 3137 1306 3204 repudiandum.

166 3200 240 3251 enim
257 3198 310 3254 boc
326 3215 415 3255 renum
431 3203 526 3267 apitar
544 3208 574 3256 ut
590 3203 653 3268 ipso
674 3202 724 3256 ad·
750 3218 918 3269 aerumpnam
928 3203 1057 3271 forsitan
1070 3208 1210 3287 quispiam
1222 3207 1307 3260 etiarn

138 3287 141 3296 ·
167 3266 302 3332 uipitante
323 3269 456 3333 petitore,
481 3271 581 3324 amicis
601 3271 664 3324 eius
685 3269 725 3323 ad
750 3271 844 3325 minus
857 3286 948 3326 suaue
961 3272 1069 3326 atr'aerit
1081 3273 1175 3340 pertici
1188 3280 1219 3327 ut
1231 3271 1285 3328 liat.
1327 3310 1330 3317 .

165 3347 304 3388 summum
320 3337 445 3390 studium
462 3339 596 3392 excitatis
616 3337 722 3392 studio·
794 3337 882 3394 aistis
889 3337 1043 3394 Lambinus
1056 3356 1113 3394 non
1122 3341 1213 3396 solum
1221 3356 1307 3407 prae·

62 3424 64 3429 v
165 3403 261 3466 sisque
273 3402 342 3456 bene
355 3403 517 3469 dispositis,
536 3406 723 3471 competitori-
749 3411 793 3460 ter
810 3408 1009 3461 necessitatem
1025 3408 1077 3462 sed
1097 3410 1183 3463 etiam
1200 3410 1305 3463 incom-

165 3467 218 3522 bus
240 3483 391 3535 eorumque
416 3472 555 3526 ministris
579 3474 655 3525 omni
675 3489 722 3526 ra·
748 3474 838 3538 made,
851 3476 878 3528 si
888 3476 952 3541 ipsa
962 3475 1061 3540 petitio
1073 3491 1145 3542 quas
1153 3475 1247 3542 fratri
1255 3478 1305 3531 ad-

165 3537 240 3590 tione
263 3539 408 3603 repressis
436 3540 615 3593 comitiorum
635 3554 721 3605 prae-
746 3540 861 3607 ferebat
900 3543 1101 3608 occupationes
1141 3544 1306 3610 desipnatae

165 3610 305 3659 caueatur
333 3608 488 3672 corruptio.
530 3621 619 3673 super
647 3606 722 3661 studi
747 3613 824 3663 sunt.

165 3675 290 3738 scriptae
307 3674 379 3740 grati
400 3673 526 3740 spitadae
544 3689 721 3741 procreaue·

165 3745 234 3856 qaut
249 3746 440 3797 monstrosum
456 3742 530 3797 illud
545 3741 643 3797 studiis
661 3757 723 3809 gra·

189 3821 272 3874 osrsq.
