2970 5010
37 2803 54 2838 ,s

203 349 244 412 66
608 365 729 424 ovium
753 364 937 412 erounours

157 568 163 598 .·
205 521 270 591 dus
294 524 379 599 isque
403 520 454 581 diu
469 523 506 580 “et
529 521 629 582 miritis
651 520 905 591 lucubrationibus
921 527 1116 583 commentata
1133 522 1265 580 oratioue
1282 521 1346 580 vide
1397 534 1401 541 ’

168 639 237 691 eut
259 630 387 710 probare
410 633 503 708 possit
531 638 560 690 te
589 649 646 691 uon
675 650 824 710 peccasse·
870 631 957 710 plane
980 639 1009 690 te
1032 649 1120 709 rogo,
1151 632 1194 692 sic
1220 637 1252 690 ut
1277 629 1346 690 olim

202 734 326 801 matrem
356 749 487 801 nostram
517 742 615 802 lacere
646 742 784 810 memini,
815 758 891 818 quae
914 741 1035 820 lagonas
1058 743 1145 801 etiam
1168 743 1273 800 inanes
1295 737 1347 798 ob-

202 851 348 930 signabat,
380 870 417 911 ne
447 851 618 913 dicerentur
648 853 751 913 inanes
774 851 889 931 aliquae
911 853 1004 912 luisse
1027 870 1102 930 quae
1125 852 1226 912 lurtim
1251 857 1349 910 essent

203 963 382 1030 exsiccatae,
407 963 450 1022 sic
472 970 503 1022 tu
527 963 614 1022 ctiam
634 963 659 1022 si
681 961 760 1040 quod
782 960 897 1023 scribas
920 981 979 1022 non
1002 961 1135 1035 habebis,
1160 958 1283 1023 scribito
1305 966 1374 1019 tas

203 1052 282 1142 mdo,
307 1091 344 1132 ne
368 1071 479 1133 lurtum
503 1073 677 1135 cessationis
700 1073 879 1150 quaesivisse
903 1071 1038 1132 videaris.
1077 1069 1159 1131 valde
1182 1072 1259 1130 enim
1277 1068 1349 1129 milri

204 1168 322 1261 semper
359 1191 489 1246 etrera
525 1191 554 1242 et
587 1181 684 1243 dulcia
721 1183 777 1243 tuis
806 1166 936 1260 epistolis
965 1183 1147 1242 nuntiantur.
1198 1198 1262 1239 ama
1294 1197 1349 1238 nos

204 1299 232 1352 et
258 1291 331 1352 vale.

687 1427 862 1438 *³0—

766 1586 787 1648 4

162 1855 170 1875 ,
260 1756 305 1846 o.
334 1754 524 1830 cronno
553 1755 734 1829 uinum
762 1703 860 1842 suo
889 1755 995 1830 suu.
1023 1714 1313 1831 perurunu
1457 1816 1458 1819 ,

199 1902 200 1905 ¹
700 1881 857 1958 nrcrn.
977 1954 979 1957 ,
1364 1895 1388 1931 10

287 2070 437 2130 Mirificam
462 2069 501 2128 mi
524 2067 759 2129 verberationem
783 2065 959 2130 cessationis
979 2067 1101 2148 epistola
1125 2067 1241 2128 dedisti.
1281 2086 1348 2128 nam

203 2200 279 2260 quae
303 2181 420 2258 parcius
444 2180 535 2239 irater
559 2181 777 2258 perscripserat
799 2178 976 2240 verecundia
1001 2177 1134 2239 videlicet
1157 2185 1185 2238 et
1208 2197 1346 2258 propera·

203 2294 291 2357 tione,
317 2308 350 2348 ea
373 2298 405 2348 tu
427 2290 491 2348 sine
514 2288 720 2349 adsentatione
742 2297 775 2349 ut
798 2298 898 2356 erant,
924 2289 959 2348 ad
983 2309 1031 2349 me
1053 2290 1211 2367 scripsisti,
1237 2298 1266 2349 et
1288 2307 1349 2348 ma·

202 2402 280 2460 xime
303 2399 340 2458 de
363 2417 423 2458 cos.
448 2398 626 2476 designatis,
651 2418 725 2478 quos
749 2417 803 2477 ego
826 2401 944 2478 penitus
967 2400 1035 2458 novi
1057 2397 1211 2458 libidinum
1236 2407 1265 2458 et
1287 2397 1349 2458 lau·
1390 2466 1392 2471 .
1420 2478 1423 2487 Ι
1449 2440 1450 2444 ,

203 2512 304 2588 guaris
328 2509 574 2568 effeminatissimi
598 2508 716 2589 [animi]
739 2509 852 2588 plenos,
880 2511 1008 2588 quinisi
1031 2528 1047 2568 a
1070 2507 1388 2585 gubernaculum-15

169 2642 184 2687 2
206 2621 360 2687 cesserint,
384 2620 543 2679 maximum
567 2618 604 2678 ab
624 2621 764 2678 universo
788 2618 1130 2698 naufragiopericulum
1155 2626 1207 2678 est.
1252 2620 1349 2678 iucre-

202 2728 335 2798 rlibilest,
360 2747 435 2808 quae
458 2746 512 2805 ego
535 2727 601 2788 illos
623 2730 685 2790 scio
709 2730 853 2808 oppositis
875 2727 1027 2790 Gallorum
1052 2730 1156 2790 castris
1179 2729 1209 2787 in
1232 2729 1350 2788 aestivis

203 2841 317 2906 iecisse,
342 2835 487 2916 qnos'ille
510 2837 600 2906 latro,
631 2840 686 2900 nisi
710 2838 819 2918 aliquid
843 2840 956 2898 firmius
979 2840 1077 2913 inerit,
1101 2840 1243 2929 societate
1265 2839 1347 2898 vitio·

202 2969 267 3036 rum
291 2948 429 3014 deleuiet.
476 2967 524 3008 res
547 2957 591 3007 est
614 2957 664 3008 unt
687 2948 851 3009 tribuniciis
880 2956 930 3009 aut
956 2951 1077 3027 privatis
1100 2948 1230 3008 consiliis
1253 2951 1348 3008 muni·

202 3059 287 3127 enda,
313 3077 379 3117 nam
403 3058 451 3117 isti
474 3057 532 3117 duo
555 3060 602 3116 vix
625 3066 694 3118 sunt
717 3059 798 3135 digni
821 3058 927 3136 quibus
951 3057 1035 3119 alteri
1058 3060 1234 3128 Caesenam,
1264 3058 1387 3120 alteriso

201 3188 429 3206 ..ζῇ-...-

270 3281 283 3327 1
303 3278 540 3342 lngubrationibus
564 3277 623 3327 ΒΜ
639 3251 690 3327 sed
704 3294 740 3341 gu
758 3280 789 3328 M
810 3295 845 3329 ea
869 3279 1029 3330 correctione
1056 3277 1060 3343 1
1090 3279 1280 3330 commendata
1298 3279 1322 3328 B
1343 3277 1345 3340 i

202 3347 375 3477 folwgbnans
397 3346 423 3395 B
447 3347 562 3410 constatis
584 3352 611 3394 ut
634 3348 734 3395 uidetur
753 3347 844 3408 formis
867 3345 1162 3412 lagenas·(lagoeuas)
1186 3354 1211 3396 et
1232 3346 1349 3411 lagonas

262 3430 308 3478 qur

270 3507 336 3568 9Q.
355 3523 402 3557 orn.
420 3507 448 3561 B
475 3508 478 3567 Ι
505 3504 566 3558 sal’.
587 3503 656 3571 plur.
675 3505 744 3557 dicit
761 3508 787 3556 B
813 3505 817 3572 l
846 3510 877 3559 13
896 3513 926 3557 tu
944 3525 990 3560 om,
1010 3507 1035 3555 B
1061 3499 1285 3568 {assentatione
1303 3507 1349 3556 B:

203 3574 364 3624 adsentioue
384 3574 417 3623 M
440 3574 444 3636 Ι
473 3576 503 3623 14
523 3574 555 3622 de
575 3591 620 3624 onr.
642 3575 666 3622 B
693 3575 698 3639 Ι
726 3590 781 3627 cos.
801 3575 847 3624 M:
868 3591 935 3639 quos
952 3571 1126 3639 Bllibinnm
1146 3573 1195 3638 ΜΙ
1215 3578 1246 3626 15
1266 3575 1350 3624 animi

203 3641 450 3759 ‘ridl‘tddddlbibsd
468 3645 499 3692 16
523 3641 686 3692 incredibile
710 3647 753 3692 est
770 3643 795 3692 B
823 3640 827 3707 Ι
849 3645 886 3717 Ι12
910 3644 967 3693 scio
985 3659 1031 3694 om.
1052 3643 1077 3691 Β
1102 3643 1107 3704 l
1135 3645 1166 3693 18
1184 3643 1277 3692 firmus
1295 3642 1320 3691 B
1344 3639 1347 3702 l

278 3916 293 3960 9
316 3915 408 3975 lepitar
431 3908 551 3961 subiecta*
566 3915 695 3975 superiori
718 3913 791 3962 XVI
812 3915 858 3975 27,
888 3916 950 3962 data
971 3920 1010 3962 est
1031 3915 1217 3965 rareAEomarn
1240 3921 1350 3964 emeante

204 3998 228 4030 a.
248 3981 356 4042 DCCX‚
375 3981 408 4041 cf.
427 3997 454 4042 p.
475 3984 507 4029 21
532 3977 542 4044 ΙΙ
568 3983 598 4028 11
621 3983 748 4029 sententia
765 3980 828 4030 baec
846 3987 902 4030 est:
925 3983 1029 4044 mirifice
1046 3998 1084 4032 me
1102 3989 1241 4033 cessantem
1260 3982 1349 4032 aerbe-
1370 4010 1379 4015 -

201 4051 267 4097 rasti
284 4054 407 4097 nccerratu
426 4054 470 4095 tua
488 4049 597 4110 epistula
613 4046 623 4112 ΙΙ
641 4051 675 4097 21)
694 4049 807 4097 Caesena
829 4051 893 4097 satis
911 4049 1020 4112 ipnolrile
1039 4050 1137 4101 Galliae
1156 4059 1260 4114 topatae
1277 4052 1351 4114 oppi-

202 4119 259 4166 dum
280 4117 309 4164 in
333 4117 422 4179 prima
444 4115 587 4179 prouincia
610 4117 652 4164 ubi
674 4117 785 4164 Pansam
808 4115 835 4164 ἀ.
862 4117 973 4166 ΒΟΟΙΧ
994 4120 1169 4168 succedentem
1191 4121 1216 4166 in
1239 4135 1270 4168 ea
1286 4134 1349 4181 pro·

202 4185 285 4233 reincia
307 4185 345 4232 M.
369 4184 452 4232 Bruto
476 4189 616 4231 cunctatum
634 4199 690 4232 esse
707 4185 819 4232 conicias
837 4185 871 4246 cf.
893 4186 942 4234 Cic.
962 4187 997 4234 ad
1014 4187 1071 4234 Att.
1091 4187 1153 4235 XII
1171 4189 1212 4248 27,
1233 4189 1258 4235 3.
1290 4186 1350 4234 Cas-

201 4253 317 4300 sutianae
335 4251 458 4300 tabernae
478 4250 570 4300 Orellio
589 4253 737 4301 onomastici
752 4267 778 4314 p.
797 4254 847 4300 200
866 4253 994 4302 ‘uidentur
1009 4253 1091 4313 faisse
1109 4270 1192 4317 prope
1212 4254 1350 4303 Caesenam

202 4321 270 4368 baud
290 4322 381 4382 procat
402 4318 433 4367 ab
455 4319 578 4368 hodierno
601 4319 747 4382 Sauipnano
769 4326 796 4368 ui
822 4320 964 4369 arbitratur
990 4323 1031 4368 air
1057 4323 1146 4372 doctas
1173 4324 1198 4370 in
1227 4322 1349 4371 Giornale

203 4388 333 4436 Arcadico
352 4388 401 4438 aral.
415 4389 449 4435 26
465 4403 492 4450 p.
505 4389 564 4443 341),
585 4386 701 4437 Cossutia
717 4402 780 4451 pens
797 4394 948 4438 memoratur
966 4390 992 4437 tn
1009 4391 1174 4452 inscriptione
1196 4389 1232 4438 idi
1247 4391 1349 4451 attata’‚
