2970 5010
444 349 774 397 COMMENTARIOLVM
795 349 995 397 PETITIONIS
1245 331 1288 397 55
1361 360 1365 369 “

145 505 400 570 accommodatum
422 513 512 575 tuam,
535 507 614 585 quod
636 506 736 566 faeere
758 524 818 566 non
840 507 950 585 possis,
974 511 1006 565 ut
1027 491 1058 564 id
1081 506 1210 566 iucunde
1232 524 1284 566 ne·

143 638 196 698 ges
217 641 271 680 *a
298 635 426 695 quorum
459 615 585 678 alterum
618 623 663 678 est
691 614 819 696 [tamen]
854 616 926 676 boni
953 617 1020 686 viri,
1055 615 1180 676 alterum
1216 615 1286 675 boni

144 730 289 808 petitoris.
308 769 311 775 -
332 746 400 788 nam
423 745 489 788 eum
518 727 547 787 id
575 728 686 805 petitur
712 725 790 806 quod
813 724 938 786 honeste
960 734 1011 786 aut
1035 724 1124 808 [riou]
1149 728 1212 786 sine
1235 726 1286 786 de·

145 841 285 901 trimento
316 837 391 919 [est]
420 844 521 898 nostro
551 822 727 916 promittere
750 854 809 896 non
832 854 1001 914 possumus,
1034 836 1181 914 quomodo
1210 837 1286 915 siqui

117 956 282 1028 ⁵rogetut
304 956 407 1009 eontra
430 949 557 1009 amicum
581 946 710 1023 aliquem
731 965 849 1008 eausam
864 947 1052 1028 recipiamus,
1076 945 1153 1007 belle
1176 963 1286 1024 negaua

144 1061 212 1120 dum
237 1067 290 1126 est,
313 1066 347 1120 ut
373 1057 512 1119 ostendas
539 1056 802 1127 necessitudinem,
832 1056 1018 1120 demonstres
1045 1076 1132 1137 quam
1160 1055 1286 1117 moleste

142 1172 235 1240 ιεεεε,
265 1168 330 1229 aliis
352 1176 381 1229 te
403 1167 495 1229 rebus
518 1176 689 1229 exorturum
718 1186 783 1227 esse
810 1155 999 1246 persuadeas.
1044 1166 1141 1228 audivi
1163 1167 1219 1226 boo
1242 1166 1387 1226 di·X1146

143 1298 212 1340 cere
235 1279 384 1356 quendam
411 1277 448 1339 de
476 1277 651 1356 quibusdam
680 1275 862 1346 oratoribus,
891 1277 927 1337 ad
957 1294 1031 1354 quos
1059 1296 1178 1339 oausam
1201 1295 1284 1338 snam

143 1388 310 1459 detulisset,
346 1390 508 1467 gratiorem
542 1387 599 1449 sibi
632 1389 797 1450 orationem
830 1391 894 1449 eius
927 1387 1019 1449 luisse
1052 1389 1103 1464 qui
1136 1397 1284 1466 negasset.

106 1518 130 1556 ro
144 1519 230 1580 quam
253 1498 331 1560 illius
353 1501 405 1579 qni
425 1500 597 1578 recepisset.
642 1500 685 1560 sio
707 1498 842 1558 homines
864 1499 961 1558 fronte
985 1507 1014 1558 et
1036 1499 1170 1559 oratione
1191 1499 1285 1575 magis

143 1629 230 1689 quam
252 1612 317 1690 ipso
340 1609 483 1670 beneficio
510 1627 603 1688 reque
634 1610 800 1688 capiuntur.
847 1625 950 1668 verum
974 1607 1030 1667 boc
1052 1606 1206 1686 probabile
1229 1615 1284 1682 est,

142 1720 217 1780 illud
238 1719 365 1781 alterum
387 1718 550 1780 subdurum
575 1718 626 1780 tibi
649 1719 762 1779 bomini
783 1717 936 1778 Platonico
957 1716 1094 1787 suadere,
1118 1723 1163 1778 set
1186 1724 1284 1778 tamen

211 1891 224 1937 1
244 1887 452 1939 accomodatum
464 1891 494 1937 ιε
506 1885 602 1950 tuam!
621 1887 739 1938 iocunde
755 1885 759 1951 Ι
775 1887 875 1937 2biare
889 1888 1039 1936 sententiam
1057 1886 1193 1936 Lambinus
1210 1887 1283 1936 uidit.

89 1954 92 1962 '
142 1959 199 2006 dest
221 1958 327 2006 aiterum
352 1958 415 2007 iliud
437 1958 505 2022 quod
525 1951 545 2024 ἕ
568 1958 601 2006 46
628 1958 768 2020 exponitur
790 1959 838 2004 εει
861 1953 929 2004 adeo
952 1953 1081 2003 simulate
1104 1955 1249 2019 promIttas
1278 1952 1281 2018 Ι

142 2033 236 2075 ιειεεε
254 2026 336 2075 omisit
352 2025 376 2073 L
405 2021 409 2089 Ι
433 2028 520 2076 bnon
538 2027 597 2073 ει4
615 2025 700 2074 estin
721 2025 742 2073 L
760 2025 852 2074 omissa
875 2021 879 2087 Ι
910 2025 1111 2073 'lexsarturum
1129 2023 1284 2072 Lambinus:

143 2097 302 2142 exacturum
317 2089 321 2156 Ι
337 2094 353 2142 9
372 2093 431 2142 eins
448 2093 550 2142 addidit
567 2091 698 2141 Manutius

211 2248 223 2294 1
245 2249 292 2294 εει
309 2243 428 2294 iucunde
446 2244 593 2310 promittas
611 2247 659 2293 aut
671 2243 791 2308 ingenue
809 2257 895 2307 neges
912 2245 975 2300 iao,
995 2247 1043 2292 aut
1061 2243 1179 2292 iucunde
1197 2258 1284 2307 neges

142 2318 190 2364 aut
203 2316 283 2362 caute
296 2312 441 2377 promittas
461 2311 581 2370 Orellius,
599 2327 722 2375 peruerse
744 2313 789 2360 iila
806 2309 925 2360 ineundo
948 2325 1034 2375 neges
1055 2312 1182 2360 secundas
1206 2327 1284 2375 apere

141 2383 220 2433 uoluit
242 2381 377 2431 Klotzius:
399 2384 430 2428 ει
455 2379 483 2428 id
501 2383 551 2428 εει
572 2378 690 2429 iucundo
713 2393 799 2444 neges
822 2381 906 2429 codem
928 2378 1047 2435 Turnebi,
1065 2386 1097 2426 ει
1119 2379 1147 2428 id
1165 2378 1283 2428 iucunde
1303 2431 1305 2434 ,

141 2451 260 2513 ingenue
278 2463 364 2512 neges
383 2448 559 2498 Mauricianus
585 2444 589 2511 Ι
615 2448 631 2495 4
654 2443 799 2512 quomodo]
825 2446 905 2495 uerbi
928 2447 1020 2510 gratia
1041 2448 1156 2496 inserunt
1172 2448 1181 2495 l
1199 2448 1233 2495 47
1250 2449 1284 2496 48

143 2521 191 2566 117
209 2520 259 2566 126
277 2519 327 2564 127
339 2514 343 2580 Ι
362 2516 386 2564 si
405 2515 465 2579 quis
483 2516 507 2563 L
522 2512 526 2580 Ι
542 2519 557 2565 5
576 2514 698 2578 aliquam
717 2515 740 2563 L
757 2522 864 2579 praeter
883 2518 919 2564 36
932 2512 936 2579 Ι
953 2517 967 2564 ‘l
986 2519 1014 2563 ιε
1025 2514 1060 2563 -id
1078 2514 1159 2563 rebus
1177 2515 1201 2562 L
1217 2513 1221 2576 Ι
1238 2529 1284 2562 ex-

142 2589 266 2634 acturum
283 2585 307 2633 L
325 2585 373 2633 sed
390 2588 561 2632 exsarturum
580 2586 638 2633 150
657 2585 720 2645 126,
745 2587 923 2632 exaueturum
946 2583 1075 2632 Palatinus
1096 2591 1122 2632 et
1139 2583 1283 2633 Mauricia-

141 2669 187 2702 nus
202 2650 206 2716 Ι
221 2654 237 2702 9
255 2653 408 2702 orationem
425 2651 512 2700 fuisse
530 2652 555 2700 L
566 2658 673 2714 praeter
685 2654 719 2700 47
736 2654 770 2700 56
788 2654 840 2701 122
859 2654 910 2701 124
929 2654 979 2700 126
996 2653 1022 2699 in
1040 2651 1127 2715 quibus
1145 2657 1184 2699 est
1196 2650 1283 2699 fuisse

141 2721 293 2770 orationem
312 2719 370 2768 eius
385 2715 390 2782 Ι
407 2721 437 2767 12
456 2716 614 2783 subdurum]
637 2717 782 2767 absurdum
801 2720 825 2767 L
843 2720 892 2767 nisi
908 2719 993 2768 scriba
1011 2720 1109 2768 errarat
1125 2716 1128 2782 Ι
1144 2717 1283 2782 platonito

141 2792 150 2838 t
168 2791 185 2838 3
202 2788 311 2852 planito
333 2788 361 2837 V
374 2789 383 2835 i
402 2790 437 2838 36
455 2789 489 2836 38
508 2785 590 2851 plane
609 2787 697 2851 perito
717 2790 725 2836 i
742 2790 775 2836 47
793 2789 826 2836 50
835 2802 845 2834 .·
862 2786 1010 2836 Platonico
1029 2786 1104 2836 ‘liber
1121 2793 1193 2836 uetus
1209 2790 1282 2835 unns’

140 2857 258 2908 Lambini
1124 2870 1131 2885 s

186 3030 201 3074 2
220 3024 417 3078 detruncatam
430 3023 599 3078 sententiam
609 3019 698 3077 b'bra·
725 3027 783 3078 tum
800 3028 843 3077 est
855 3041 873 3077 a
885 3022 1020 3078 Lambino
1038 3030 1064 3078 ct
1076 3022 1229 3087 Palmario,
1243 3039 1282 3078 ea
1350 3068 1354 3075 .

141 3094 180 3146 rii
192 3108 248 3146 non
261 3091 417 3146 actiterunt
429 3091 556 3156 reficere,
568 3090 698 3158 fortasse
724 3108 778 3157 quo
814 3091 935 3146 Verrius
964 3094 994 3146 in
1021 3092 1192 3157 plossemaiu
1227 3107 1281 3146 sua

140 3162 225 3214 etiarn
249 3161 327 3226 ipsos
354 3159 404 3213 tibi
427 3159 608 3224 persuadeas
630 3159 698 3213 data
724 3161 953 3225 transcripserat
971 3160 1123 3214 exercirent
1140 3159 1281 3215 sarcirent.

128 3243 229 3294 ‘opera
275 3228 464 3282 detruncasse
514 3226 698 3292 indipnantes
721 3232 840 3292 praeter
852 3227 923 3281 baec
936 3227 1052 3282 exsareit
1065 3227 1280 3295 refertureno··

137 3300 323 3361 praeceptum
357 3293 544 3349 inbonestam.
597 3299 698 3349 contra
724 3296 761 3350 tis
785 3294 909 3350 Tironis.
946 3301 976 3348 at
998 3296 1141 3361 ipituren
1164 3297 1282 3362 antiano

141 3364 265 3430 marpini
280 3363 334 3416 bas
351 3362 559 3427 alianisilleuit
574 3363 697 3428 ineptias
723 3363 863 3417 latinitate
897 3362 1031 3416 exsarcire
1063 3363 1213 3418 deuenerit
1244 3365 1284 3418 ud

141 3439 231 3485 tamen
244 3435 272 3484 et
284 3446 339 3484 uon
350 3437 392 3483 est
402 3446 523 3495 orcarum
536 3445 638 3484 ansam
650 3431 698 3484 cie-
726 3429 920 3486 Caesarianae
931 3431 1033 3485 aetatis
1039 3431 1281 3495 consuetudinem,

140 3499 218 3556 disse
230 3497 336 3552 lacuna
350 3497 473 3551 uidetur.
503 3503 629 3552 ceterran
641 3503 698 3551 tam
724 3499 881 3564 scriptores
898 3503 992 3552 tamen
1008 3499 1039 3553 id
1060 3500 1185 3552 euitasse
1207 3513 1281 3552 com-

140 3566 210 3622 beile
234 3581 317 3632 auam
346 3563 468 3630 Quintus
493 3567 643 3631 praecepit
666 3580 698 3620 eo
721 3571 835 3631 perium
852 3571 902 3621 est.
938 3581 1006 3630 erpo
1028 3566 1098 3632 quid
1114 3566 1281 3633 discrepan-

140 3640 264 3700 tempore
293 3632 414 3687 Marcus
446 3630 568 3687 Caecilio
596 3633 698 3688 adesse
724 3639 779 3687 tem
802 3649 865 3687 cum
883 3635 987 3688 ceteris
1005 3631 1139 3698 Quintum
1163 3634 1282 3688 uerbum

141 3708 242 3755 eontra
271 3699 406 3766 satarum
435 3701 596 3762 recusauit,
616 3701 700 3766 pund
725 3701 888 3755 abstrusum
923 3702 1077 3767 appetiisse
1116 3701 1278 3766 credamus,

141 3767 186 3821 illc
199 3775 292 3822 tamen
305 3769 408 3823 diarius
420 3785 504 3834 quam
515 3767 698 3823 bomobellus
724 3770 872 3834 spreuisse
893 3771 1030 3823 usitatum
1051 3769 1208 3824 sarturum‘?
1229 3772 1280 3823 im·

141 3838 286 3901 [accepisse
299 3841 442 3890 narratur
455 3836 548 3891 Attico
561 3835 579 3891 1
590 3841 613 3898 1,
626 3839 650 3887 4.
720 3852 768 3890 7ειε
785 3836 913 3890 librariis
927 3838 1023 3902 potius
1040 3839 1070 3890 in
1081 3836 1206 3902 procliui
1217 3842 1282 3892 erat
1300 3850 1302 3855 ·

187 3907 202 3951 7
224 3910 396 3956 exsarturum
420 3905 482 3958 siue
502 3906 630 3970 priscum
652 3919 697 3958 ex·
723 3904 1279 3970 baecpermiscere,quiquidemnonso-

141 3976 295 4023 sareturum
324 3971 417 4024 mauis
445 3972 520 4036 quod
543 3971 697 4026 Lambinus
724 3972 781 4026 lum
791 3978 916 4039 spectare
926 3977 952 4026 et
962 3980 1105 4039 expectare
1116 3988 1202 4039 saepe
1212 3988 1279 4027 con-

141 4037 265 4098 induait,
284 4052 341 4091 aon
359 4037 489 4093 submoui
507 4041 573 4104 puin
588 4039 697 4105 salanam
721 4039 854 4107 frederini
871 4054 972 4094 errore
993 4043 1051 4095 iam
1066 4040 1195 4095 omuibus
1215 4046 1279 4095 noto

140 4120 204 4159 esse
222 4121 279 4159 non
295 4105 389 4170 iipuet.
427 4111 456 4159 at
476 4105 621 4171 probabile
640 4122 697 4160 non
723 4107 876 4163 sedetiam
893 4114 1021 4166 exacutae
1038 4115 1064 4163 et
1082 4106 1210 4163 exibilare
1225 4124 1278 4174 pro

140 4179 191 4227 est.
216 4188 305 4239 neque
318 4173 392 4226 enim
405 4173 435 4227 iri
444 4174 561 4228 uerbum
574 4175 603 4227 iu
616 4174 697 4230 libris
723 4181 834 4230 secutae
846 4180 873 4229 et
885 4174 995 4231 sibilare
1007 4177 1179 4241 scripserint
1188 4177 1219 4230 in
1228 4192 1276 4229 no·

140 4241 240 4295 latinis
252 4242 400 4295 inuenitur
412 4247 529 4305 praeter
543 4257 630 4296 ninum
645 4242 696 4298 Te-
723 4245 807 4298 uiciis
831 4245 986 4309 praecipue
1011 4244 1156 4298 codicibus
1180 4243 1278 4310 petales

140 4311 217 4363 renti
233 4324 350 4364 uersum
368 4309 495 4364 batatont.
513 4313 565 4360 143
590 4311 619 4363 iu
643 4327 697 4376 auo
725 4310 828 4366 Catulli
840 4311 887 4366 uel
897 4311 1017 4366 Petroni
1028 4312 1171 4366 babemus.

140 4384 281 4445 sumptum
299 4376 451 4432 exereirent
468 4393 546 4432 suom
564 4379 694 4432 ernenda-
770 4384 802 4429 12
824 4379 992 4434 Platonicus
1008 4380 1071 4434 iure
1094 4383 1216 4434 uocatur
1232 4381 1280 4446 qui
