2970 5010
1244 292 1286 356 23

142 466 212 524 dum
238 467 363 525 militiae
390 478 483 522 onera
509 464 647 522 sustinet:
675 462 718 530 ab,
740 463 907 536 eloquentia
939 461 1067 536 resuqit
1101 469 1134 523 ul
1159 436 1286 527 Morcu's

141 576 251 625 enarrat
271 568 309 626 de
329 571 450 626 oratore
470 564 510 623 II
528 562 551 642 S
570 571 612 633 12,
636 579 727 624 unum
744 565 823 624 satis
844 552 907 622 esse
928 565 959 623 ia
981 580 1044 624 una
1061 563 1186 637 'familia
1208 566 1283 627 rhe-

140 675 232 728 torem
254 670 375 745 iocotus,
398 683 492 740 neque
513 668 544 724 in
563 665 753 740 philosophia
773 665 929 724 habitabat
948 668 1046 740 maqis
1067 683 1156 741 quam
1178 667 1286 743 hospi-
1307 699 1312 704 -

141 770 261 829 labatur
289 784 309 827 a
332 768 436 842 fratre
463 769 493 826 in
521 767 722 841 compluribus
748 767 833 825 libris
855 766 893 825 de
913 767 998 826 istius
1019 767 1101 827 modi
1120 762 1208 829 rebus
1229 784 1284 827 uo-

140 878 225 931 colus
247 873 277 930 in
296 877 401 945 partes
422 871 632 929 collocutionis.
675 871 705 927 e't
725 867 762 927 de
780 869 890 939 pathus
918 865 987 945 VS
1011 873 1048 927 bd
1070 885 1137 929 eum
1158 868 1284 931 Marcus

140 972 184 1031 ad
208 971 475 1048 Peripateticorum
508 970 649 1030 honorem
676 971 766 1043 linuit
787 971 929 1043 profiteri
958 969 1047 1029 huius
1074 971 1284 1047 philosophiae

51 1119 53 1123 .
138 1075 348 1148 supellectilem
372 1073 471 1147 pluris
498 1078 667 1132 aestumare
694 1088 726 1130 se
752 1086 842 1146 quam
866 1072 1065 1145 possessiones
1086 1074 1281 1148 reliquarum,

138 1177 181 1234 ila
208 1174 266 1235 sibi
287 1174 408 1235 ‘diuitem
437 1173 534 1233 uideri
554 1182 587 1233 at
612 1173 651 1232 ab
671 1189 709 1234 eo
726 1179 830 1248 petere
847 1175 944 1249 possit
963 1174 1106 1247 quicquid
1125 1175 1157 1234 in
1177 1175 1283 1235 studiis
1394 1234 1404 1254 ,

137 1278 199 1336 stris
220 1278 414 1350 concupierit.
458 1284 490 1334 at
510 1281 610 1334 tamen
633 1276 663 1334 in
675 1273 866 1351 philosophia
887 1289 1002 1349 quoque
1024 1277 1126 1349 aliquo
1142 1274 1296 1346 Quintum‘

137 1380 201 1437 loco
222 1379 379 1437 numerori
397 1383 554 1452 oporteret,
584 1378 611 1436 si
630 1383 711 1436 recte
737 1376 817 1436 hunc
838 1392 876 1436 ac
902 1391 961 1435 non
979 1375 1113 1449 fratrem
1133 1382 1282 1437 oratorem

137 1479 259 1539 Lucreti
283 1481 421 1539 carmina
448 1479 619 1538 emendasse
646 1477 836 1537 crederemus
870 1478 946 1536 duce
972 1476 1168 1538 Lachmanno
1194 1494 1281 1538 com-

33 1586 39 1595 ‘
95 1603 99 1608 ·
136 1583 266 1640 utenturi
284 1581 459 1642 Lucretiani
479 1598 515 1656 p.
546 1586 592 1639 bt.
637 1593 726 1652 quum
753 1579 983 1639 controuersiam
1011 1594 1031 1636 a
1057 1580 1157 1638 multis
1184 1595 1282 1655 nuper

136 1685 283 1757 opitulum
317 1681 535 1756 diliqenterque
570 1698 589 1739 a
617 1681 710 1741 Pollio
742 1680 915 1740 edissertam
947 1681 978 1738 in
1008 1680 1158 1754 Philoloqo
1189 1681 1283 1742 XXV

134 1802 165 1859 p.
191 1789 246 1843 499
272 1800 311 1844 ss.
340 1789 369 1843 et
394 1783 511 1842 XXVI
532 1800 564 1858 p.
588 1789 646 1842 561
674 1798 711 1840 ss.
739 1783 880 1855 quoniam
901 1796 1031 1857 prorsus
1055 1785 1281 1857 praetervolare

136 1902 194 1945 non
216 1887 298 1954 licet,
319 1887 427 1960 paucis
447 1885 497 1945 hic
518 1885 708 1960 complector.
752 1889 888 1943 neutram
910 1885 941 1942 in
961 1888 1078 1958 partem
1100 1883 1174 1943 mihi
1193 1884 1280 1943 uide-
1359 1894 1372 1916 ·’

136 1994 186 2046 tur
207 1989 311 2061 optari
326 2003 414 2062 posse
436 1986 515 2061 quod
537 1986 662 2044 Marcus
682 1988 774 2060 paulo
796 1991 865 2060 post
890 2000 987 2046 nonas
1008 1983 1185 2056 februarias
1207 1987 1282 2045 anni

135 2088 213 2148 occ
233 2090 378 2149 codicillis
397 2087 509 2160 fratris
535 2090 589 2162 qul
612 2104 653 2146 ex
679 2087 752 2146 urbe
777 2087 865 2147 modo
886 2103 939 2146 rus
961 2089 1038 2146 ierat
1058 2089 1102 2147 sia
1123 2089 1282 2162 respondet

134 2190 175 2250 Il
197 2200 227 2260 b,
253 2198 271 2249 3
298 2189 418 2251 Lucreti
445 2195 580 2268 poemata
609 2195 643 2248 ut
669 2187 790 2256 scribis,
819 2191 859 2249 ita
887 2195 957 2248 sunt
988 2187 1089 2249 multis
1116 2187 1279 2249 luminibus

55 2284 58 2290 ’
136 2294 252 2370 ingeni,
282 2290 392 2352 multae
415 2293 503 2351 etiam
530 2291 614 2350 artis.
659 2288 711 2350 sad
735 2307 801 2360 cum
825 2291 956 2359 veneris,
986 2291 1082 2350 virum
1110 2298 1140 2350 ta
1168 2289 1279 2369 putabo

136 2396 162 2453 si
185 2391 304 2453 Sallusti
328 2375 524 2471 Empedoclea
547 2389 670 2468 legaris,
700 2389 851 2451 hominem
875 2409 934 2452 uon
958 2392 1076 2472 putabo.
1120 2392 1280 2464 manifesto

135 2494 252 2568 quidem
280 2502 339 2554 tum
366 2496 483 2568 utrique
512 2495 648 2554 Ciceroni
674 2495 874 2554 versabantur
904 2496 983 2554 inter
1008 2511 1124 2561 manus,
1137 2501 1279 2571 poemma

134 2598 189 2655 illa
221 2598 275 2655 sed
306 2602 404 2656 ulrum
432 2597 541 2663 Marco
568 2597 629 2654 iam
657 2594 770 2653 dudum
802 2598 921 2670 coquita
952 2603 982 2656 et
1012 2598 1050 2656 ab
1083 2598 1138 2657 hoc
1156 2583 1278 2656 ⁵tradita

138 2700 242 2768 (iuinto
264 2714 304 2755 an
326 2714 346 2756 a
369 2697 476 2773 Quinto
503 2694 646 2757 iudicium
674 2704 839 2771 praeeunte
867 2698 968 2757 delata
996 2699 1039 2757 ad
1061 2698 1200 2758 Marcum
1226 2701 1282 2772 qul

133 2807 222 2860 rrrtlea
239 2801 430 2872 iquorovertt,
455 2815 496 2858 an
520 2798 643 2858 aliunde
658 2798 785 2872 denique
796 2797 897 2870 fratri
912 2801 1033 2874 pariter
1047 2802 1164 2874 utrique
1177 2800 1276 2865 misso,

80 2978 81 2982 Ἰ
132 2921 172 2962 ex
194 2903 266 2976 ipsis
288 2901 384 2960 uerbis
405 2902 487 2960 nullo
508 2901 594 2960 modo
615 2901 848 2980 extorquebitur.
885 2908 918 2960 et
934 2906 967 2961 ut
987 2902 1144 2961 emendata
1158 2899 1280 2960 Lucreti

133 3005 270 3063 carmina
299 3010 369 3062 tunc
395 3005 492 3076 ipsum
513 3019 575 3062 esse
599 3003 812 3072 concedamus,
840 3010 1023 3078 utercumque
1045 3003 1147 3063 Cicero
1174 3019 1277 3061 emen-

133 3107 225 3173 darit,
248 3111 329 3163 certe
350 3104 426 3163 nihil
446 3105 576 3178 amplius
602 3121 691 3178 quam
718 3107 858 3164 extremis
879 3121 917 3165 ea
938 3105 1038 3179 dipilis
1060 3106 1160 3177 alliqil
1179 3103 1277 3164 subsi-

132 3208 246 3281 cluique
261 3207 378 3280 aliquid
390 3207 529 3279 temporis
543 3207 606 3280 ipse
620 3206 690 3266 huic
705 3222 816 3281 operae
836 3208 1000 3281 impertitus
1015 3208 1133 3280 reliqua
1147 3201 1277 3264 deman-

133 3308 216 3367 dauit
243 3309 421 3379 librariolis,
455 3313 488 3365 ul
513 3293 571 3365 non
600 3306 756 3380 difficilius
782 3309 820 3366 sit
850 3309 975 3390 credere
1002 3308 1172 3368 haerentem
1199 3309 1277 3366 inter

134 3411 272 3469 uillarum
299 3411 507 3469 lustrationem
542 3416 571 3467 et
603 3410 751 3468 urbanam
783 3411 1040 3469 commorationem
1072 3416 1101 3468 et
1129 3410 1276 3469 Gallicam

132 3513 308 3585 lcqationem
339 3507 474 3580 minium
502 3524 536 3568 eo
562 3526 684 3568 munere
704 3509 901 3584 perfunctum
928 3528 990 3571 esse
1016 3525 1105 3584 quam
1133 3511 1275 3570 Marcum

132 3614 289 3672 senatoriis
322 3627 360 3670 ac
389 3611 517 3686 publicis
543 3613 667 3684 nepoliis
701 3613 852 3697 uariisque
879 3629 957 3685 quae
984 3613 1194 3687 impendebant
1219 3630 1275 3671 uc-

131 3714 330 3774 cusationibus
365 3712 644 3785 desensr'onibusqae
676 3713 865 3788 districtum„
884 3730 944 3788 per
978 3729 1086 3774 uacuos
1120 3713 1183 3772 dies
1214 3715 1275 3771 suis

132 3815 215 3874 libris
236 3817 379 3874 intentum
402 3814 439 3874 de
461 3813 638 3890 temporibus
664 3801 726 3874 suis
751 3816 939 3889 expoliendis
966 3823 1021 3876 aut
1041 3815 1079 3874 de
1099 3815 1274 3889 republica

133 3915 348 3987 informandis,
376 3920 537 3991 praeterea
559 3917 706 3974 uoluntate
728 3918 844 3990 uitaque
871 3916 908 3974 ab
931 3916 1058 3992 Epicuri
1077 3923 1158 3976 secta
1186 3917 1275 3976 ualde

133 4019 303 4077 alienatum.
354 4020 455 4076 uerum
483 4019 572 4076 nimio
605 4020 674 4092 plus
699 4034 804 4078 uereor
831 4035 868 4077 ne
895 4019 1064 4079 dederimus
1090 4020 1211 4091 eisqui
1237 4019 1275 4075 de

132 4119 336 4179 emendatione
364 4119 480 4192 aliquid
507 4121 656 4179 extricari
687 4136 727 4180 ex
759 4121 813 4179 illa
840 4122 966 4196 epistula
995 4122 1108 4180 uoluat:
1137 4127 1271 4196 poemata

132 4223 209 4280 enim
232 4222 278 4279 uel
298 4237 318 4278 o
341 4219 480 4303 Cicerone
503 4223 548 4279 oel
568 4237 588 4278 a
618 4221 753 4281 Varrone
777 4221 893 4282 Catullo
913 4223 982 4282 aliis
1003 4223 1140 4281 carmina
1162 4223 1271 4281 dicun-

132 4332 181 4382 tur
207 4324 326 4383 minora
355 4319 469 4395 diffusa
494 4323 667 4396 sinplllatim
699 4329 853 4392 contexta,
887 4339 946 4384 non
978 4339 1039 4383 una
1066 4328 1272 4401 perpetuaque
