2970 5010
404 391 526 456 ovrnrr
549 391 733 441 oroenonrs
756 391 1004 440 rsrnonouncr
1221 368 1277 440 ’69

283 571 370 632 quum
393 553 528 631 sequitur
549 550 665 613 nebulis
686 570 792 612 rorans
815 550 912 629 liquor
935 549 1010 611 altus
1036 551 1147 630 equari.

283 670 361 750 tants
386 681 476 742 supra
499 664 637 739 circoque
660 670 806 740 urgentur
829 659 941 725 lumina
965 661 1075 721 mundi.

219 787 242 827 15
286 781 315 832 at
337 773 440 833 dextra
463 771 604 852 laevoque
627 774 686 832 ciet
708 780 771 831 rota
795 770 905 850 fulgida
929 770 1000 832 solis

284 882 392 943 mobile
415 881 595 943 curriculum
618 891 647 943 et
669 880 756 942 lunas
778 881 934 942 simulacra
958 882 1104 943 feruntur.

282 1011 402 1072 squama
426 991 483 1053 sub
506 993 640 1053 aetherio
663 1000 822 1070 conspeetu
846 999 922 1051 turta
945 990 1083 1053 draconis

284 1105 403 1164 eminet.
448 1102 528 1162 bunc
550 1102 627 1162 inira
650 1100 798 1180 fulgentes
821 1119 922 1161 arsere
945 1110 1059 1180 septem

283 1231 388 1291 magne
412 1214 506 1290 quatit
528 1212 643 1280 stellas,
667 1230 755 1291 quarn
778 1229 900 1272 servans
923 1230 1007 1272 serus
1029 1215 1059 1272 in
1083 1212 1141 1272 alte

216 1339 241 1377 20
285 1324 421 1384 conditur
445 1323 556 1383 Oceani
578 1324 642 1402 ripe
665 1340 732 1382 curn
754 1321 822 1382 luce
844 1305 952 1382 Ro‘otes

660 1617 749 1684 IIII

459 1906 463 1912 Ι
528 1778 879 1876 nrssvnrn
942 1895 954 1912 „

94 1941 335 2036 ’,Σύνδειπνοι
353 1961 572 2032 Σοφοκλέους
668 1962 811 2057 Erigone!
899 1962 1025 2018 Electra
1141 1967 1276 2034 *Aeropo

688 2247 725 2313 v

529 2405 883 2506 ANNALES

200 2616 231 2663 13
250 2611 358 2661 nebulis
380 2611 572 2672 Wakefieldus:
590 2610 707 2660 nebulus
729 2610 756 2658 V
776 2608 782 2674 Ι
805 2610 875 2660 licor
897 2611 922 2659 V
944 2608 948 2674 Ι
974 2611 1005 2658 14
1023 2616 1154 2674 urgentur
1172 2601 1282 2661 lumine'

131 2683 242 2745 scripsi:
260 2679 528 2743 uigentumiflurninu
551 2679 576 2727 V
590 2675 594 2740 Ι
611 2680 642 2728 15
659 2678 819 2728 Addextere
836 2679 863 2726 V
875 2677 879 2742 Ι
896 2680 927 2727 16
944 2677 1045 2728 Mouile
1068 2679 1094 2728 V
1107 2677 1111 2742 Ι
1132 2680 1162 2728 17
1183 2679 1275 2728 nethe-

131 2752 172 2798 rio
192 2749 332 2797 Heinsius.-
350 2750 464 2811 aeternp
487 2745 512 2793 V
525 2745 530 2810 Ι
546 2747 578 2794 18
596 2745 670 2794 infra
686 2748 798 2810 scripsi:
816 2747 889 2794 inter
911 2746 937 2795 V
950 2752 953 2809 Ι
973 2748 1002 2796 19
1020 2745 1116 2796 stellas
1138 2746 1276 2795 Centerus:

131 2815 228 2865 stellis
245 2817 270 2864 V
281 2821 320 2864 set
335 2821 361 2863 nt
375 2815 473 2877 apsidis
489 2816 590 2876 speeies
601 2815 636 2862 sit
646 2811 795 2876 obscuriori
814 2812 909 2863 serbus
926 2815 952 2863 V
965 2812 970 2877 Ι
984 2816 1017 2863 20
1035 2811 1166 2862 Conditor
1177 2815 1275 2864 oceani

131 2884 206 2948 ripas
225 2899 286 2932 oum
304 2882 366 2931 luee
383 2881 474 2930 bootis
496 2882 522 2930 V
537 2882 668 2930 emendata
686 2897 702 2929 a
722 2881 831 2930 Contere
858 2880 863 2946 Ι
887 2885 1002 2947 seqnitur
1022 2884 1049 2930 in
1070 2881 1096 2929 V
1115 2880 1160 2930 his
1179 2896 1276 2931 uersus

132 2952 190 3001 sine
209 2957 321 3000 auctore
342 2954 384 2998 est
402 2963 454 3014 quo
473 2948 518 2997 die
538 2947 603 3012 quid
620 2947 692 2998 demi
705 2949 737 2998 de
749 2964 862 3014 corpore
875 2953 1003 3013 oporteat
1014 2949 1126 3012 Vngues
1140 2950 1274 2998 mercurio

131 3026 218 3068 cetero
239 3021 297 3069 uide
315 3020 341 3067 in
359 3019 474 3068 Ausonio
493 3016 554 3080 Bip.
569 3033 598 3080 p.
617 3019 670 3066 228

132 3172 183 3220 illis
206 3175 231 3220 in
253 3177 374 3236 sequente
396 3184 473 3218 uersu
495 3169 558 3218 baec
575 3168 683 3219 nebulis
706 3185 802 3219 rorans
826 3170 915 3234 liquor
938 3167 948 3234 ΙΙ
973 3173 1005 3218 14
1023 3174 1156 3234 urgentur
1173 3168 1275 3218 lumina

132 3241 200 3303 quod
215 3240 302 3302 posui,
326 3253 375 3300 pro
398 3244 469 3286 certo
492 3253 541 3286 non
564 3236 643 3286 nabeo
666 3239 716 3286 nisi
737 3237 849 3286 lumina.
879 3237 1011 3287 Heinsimn
1034 3240 1113 3301 napis
1135 3240 1213 3287 miror
1230 3253 1275 3287 αο-
1302 3267 1305 3274 ·

131 3308 256 3369 pne'euisse
273 3308 300 3354 t'n
317 3307 355 3354 bis
372 3304 470 3368 uigent
487 3303 560 3352 huno
577 3303 690 3353 flumina
708 3306 736 3354 id
752 3311 791 3354 est
808 3320 888 3369 supro
905 3307 1025 3371 circaque
1043 3307 1183 3370 aquarium,
1202 3321 1275 3370 quarn

138 3373 319 3433 Wakefieldum
342 3379 455 3421 tentasse
477 3371 574 3434 uigent
595 3372 643 3421 ubi
668 3371 788 3422 eulmina
812 3372 914 3425 mundi.
944 3375 970 3421 in
988 3375 1080 3422 luminu
1097 3388 1147 3422 non
1165 3375 1276 3436 quadrat

131 3440 233 3502 uiuendi
258 3438 371 3494 uerbum,
401 3443 535 3500 urgentur
552 3441 710 3502 interpretor
727 3445 736 3470 ‘
742 3443 876 3488 uoluuntur
893 3441 964 3489 aliud
980 3440 1011 3488 ab
1029 3441 1080 3489 ulio
1097 3439 1249 3490 submotum'
1266 3437 1276 3505 ΙΙ

133 3509 164 3554 15
183 3506 326 3554 Mureusin
340 3506 511 3557 Ararenstr
528 3510 590 3554 rota
608 3506 715 3556 feruida
734 3507 800 3556 solis
824 3505 834 3571 ΙΙ
859 3510 891 3555 17
913 3508 939 3556 ln·
960 3522 1049 3556 uersus
1071 3514 1120 3556 tarn
1137 3509 1199 3557 lune
1221 3523 1275 3556 eum

57 3572 60 3577 ’
130 3572 306 3637 superioribus
329 3573 466 3622 cohaerent
487 3579 516 3620 ut
533 3572 630 3621 dubites
648 3590 704 3622 num
721 3575 807 3622 eodem
821 3577 893 3624 modo
908 3574 1011 3635 Quintus
1029 3590 1073 3624 eos
1091 3576 1276 3624 continuauerit

131 3639 139 3705 ΙΙ
160 3641 210 3690 sub
225 3642 327 3690 Arctoo
343 3643 494 3717 conspeetu
505 3638 621 3702 Scultper
633 3637 643 3703 ΙΙ
657 3643 689 3690 18
707 3655 804 3690 arsere
817 3644 885 3705 quod
895 3642 1040 3692 uocabulum
1049 3644 1153 3705 priores
1165 3645 1276 3706 turpiter

131 3711 307 3772 deformarent
333 3716 371 3758 est
395 3705 493 3771 αμαξα
514 3711 668 3770 plaustrum,
692 3711 743 3757 alio
766 3711 864 3758 nonrine
887 3726 956 3759 ursa.
986 3717 1072 3758 arctos
1089 3711 1170 3760 nruior
1186 3713 1275 3760 stellas

130 3785 225 3841 septem
248 3776 323 3825 babet
345 3779 370 3825 in
394 3778 478 3838 capite
501 3774 611 3839 (Hypint'
633 3783 730 3826 astron.
756 3776 804 3824 III
823 3776 867 3840 1),
896 3779 975 3827 draeo
998 3783 1079 3826 antem
1102 3779 1184 3826 sanda
1203 3778 1276 3842 (lemn

131 3852 207 3909 eaput
225 3847 291 3894 iltius
309 3846 410 3908 attinpit
428 3842 531 3905 (ibidem
543 3841 579 3904 2),
597 3844 683 3908 itaque
704 3844 776 3906 infra
794 3845 930 3894 draconem
945 3845 1073 3908 sulpentes
1090 3843 1195 3904 Quintus
1210 3846 1276 3908 sarit

130 3921 226 3976 septem
249 3914 353 3962 triones.
384 3913 490 3961 Murcus
511 3926 587 3960 uersu
610 3914 644 3960 ru
667 3913 726 3976 quia
748 3913 816 3962 inter
838 3914 903 3962 duas
925 3921 1012 3962 arctos
1033 3914 1172 3962 collocatus
1195 3914 1275 3962 druco

131 3983 239 4039 uidetur,
259 3980 308 4028 has
326 3980 400 4029 inter
417 3981 497 4043 inquit
515 3983 608 4028 toruos
627 3978 710 4029 druco
728 3981 828 4044 serpit,
851 3986 879 4029 ot
898 3979 1060 4029 Germanicus
1077 3997 1101 4032 u.
1121 3983 1154 4030 48
1170 3996 1206 4029 ss.
1224 3980 1275 4029 bas

131 4049 205 4097 iuter
222 4047 328 4096 medias
347 4048 456 4111 abrupti
473 4047 593 4096 fluminis
617 4049 707 4097 instar
728 4048 846 4097 inmanis
869 4061 982 4112 serpens
1006 4049 1118 4097 sinuosa
1135 4047 1275 4097 uolumina

131 4121 240 4179 torquet
251 4115 314 4164 hine
328 4119 409 4178 atque
422 4115 486 4162 bine
499 4128 636 4179 supraque
649 4115 722 4178 illas,
740 4114 866 4165 mirabile
879 4119 1036 4178 monstrum,
1056 4115 1144 4164 cauda
1156 4115 1274 4164 Helicen

131 4198 212 4247 supra
230 4181 318 4231 tendit
336 4198 388 4246 eps,

199 4249 266 4299 IIII
285 4251 317 4299 de
332 4250 427 4312 subulis
444 4251 483 4299 ln's
501 4252 607 4316 aliisque
625 4252 660 4313 ef.
677 4269 704 4316 p.
725 4254 757 4300 17
774 4268 795 4302 s.

224 4317 251 4366 V
289 4318 322 4380 es·
340 4334 367 4381 n·
388 4321 419 4384 1⁵

525 4469 863 4482 --.-..-.
