<?xml version="1.0" encoding="UTF-8"?>
<!DOCTYPE html PUBLIC "-//W3C//DTD XHTML 1.0 Transitional//EN"
    "http://www.w3.org/TR/xhtml1/DTD/xhtml1-transitional.dtd">
<html xmlns="http://www.w3.org/1999/xhtml" xml:lang="en" lang="en">
 <head>
  <title>
</title>
<meta http-equiv="Content-Type" content="text/html;charset=utf-8" />
  <meta name='ocr-system' content='tesseract 3.04.00' />
  <meta name='ocr-capabilities' content='ocr_page ocr_carea ocr_par ocr_line ocrx_word'/>
</head>
<body>
  <div class='ocr_page' id='page_1' title='image "./quinticiceronis00buecgoog_0040.png"; bbox 0 0 2970 5010; ppageno 0'>
   <div class='ocr_carea' id='block_1_1' title="bbox 462 329 1311 400">
    <p class='ocr_par' dir='ltr' id='par_1_1' title="bbox 462 329 1311 400">
     <span class='ocr_line' id='line_1_1' title="bbox 462 329 1311 400; baseline 0.002 -2"><span class='ocrx_word' id='word_1_1' title='bbox 462 344 793 400; x_wconf 74' lang='lat' dir='ltr'>connituranionvu</span> <span class='ocrx_word' id='word_1_2' title='bbox 817 344 1015 399; x_wconf 77' lang='lat' dir='ltr'>cummunis</span> <span class='ocrx_word' id='word_1_3' title='bbox 1270 329 1311 400; x_wconf 83' lang='lat'>33</span> 
     </span>
    </p>
   </div>
   <div class='ocr_carea' id='block_1_2' title="bbox 132 507 1363 1580">
    <p class='ocr_par' dir='ltr' id='par_1_2' title="bbox 144 507 1360 1469">
     <span class='ocr_line' id='line_1_2' title="bbox 163 507 1311 587; baseline -0.003 -17"><span class='ocrx_word' id='word_1_4' title='bbox 163 509 346 584; x_wconf 77' lang='lat' dir='ltr'>-utittendum</span> <span class='ocrx_word' id='word_1_5' title='bbox 370 509 484 568; x_wconf 76' lang='lat' dir='ltr'>villelm·</span> <span class='ocrx_word' id='word_1_6' title='bbox 508 509 585 586; x_wconf 89' lang='lat' dir='ltr'>quod</span> <span class='ocrx_word' id='word_1_7' title='bbox 602 511 729 587; x_wconf 85' lang='lat' dir='ltr'>primum</span> <span class='ocrx_word' id='word_1_8' title='bbox 747 527 782 568; x_wconf 81' lang='lat' dir='ltr'>ex</span> <span class='ocrx_word' id='word_1_9' title='bbox 805 529 840 568; x_wconf 86' lang='lat' dir='ltr'>eo</span> <span class='ocrx_word' id='word_1_10' title='bbox 856 509 964 585; x_wconf 75' lang='lat' dir='ltr'>inilicio</span> <span class='ocrx_word' id='word_1_11' title='bbox 980 515 1037 569; x_wconf 76' lang='lat' dir='ltr'>tant</span> <span class='ocrx_word' id='word_1_12' title='bbox 1056 527 1146 585; x_wconf 81' lang='lat' dir='ltr'>egens</span> <span class='ocrx_word' id='word_1_13' title='bbox 1169 507 1311 578; x_wconf 82' lang='lat' dir='ltr'>discessit,</span> 
     </span>
     <span class='ocr_line' id='line_1_3' title="bbox 169 616 1310 699; baseline -0.001 -20"><span class='ocrx_word' id='word_1_14' title='bbox 169 639 257 698; x_wconf 90' lang='lat' dir='ltr'>qnam</span> <span class='ocrx_word' id='word_1_15' title='bbox 281 620 398 699; x_wconf 91' lang='lat' dir='ltr'>quidam</span> <span class='ocrx_word' id='word_1_16' title='bbox 422 620 535 679; x_wconf 89' lang='lat' dir='ltr'>iudices</span> <span class='ocrx_word' id='word_1_17' title='bbox 558 621 620 679; x_wconf 88' lang='lat' dir='ltr'>cius</span> <span class='ocrx_word' id='word_1_18' title='bbox 648 627 715 678; x_wconf 88' lang='lat' dir='ltr'>ante</span> <span class='ocrx_word' id='word_1_19' title='bbox 744 619 814 678; x_wconf 90' lang='lat' dir='ltr'>illud</span> <span class='ocrx_word' id='word_1_20' title='bbox 840 618 883 699; x_wconf 83' lang='lat' dir='ltr'>[in</span> <span class='ocrx_word' id='word_1_21' title='bbox 908 638 974 678; x_wconf 91' lang='lat' dir='ltr'>eum</span> <span class='ocrx_word' id='word_1_22' title='bbox 998 616 1154 698; x_wconf 73' lang='lat' dir='ltr'>inclinium]</span> <span class='ocrx_word' id='word_1_23' title='bbox 1175 619 1310 691; x_wconf 88' lang='lat' dir='ltr'>suerunt,</span> 
     </span>
     <span class='ocr_line' id='line_1_4' title="bbox 170 712 1311 807; baseline -0.003 -16"><span class='ocrx_word' id='word_1_24' title='bbox 170 730 278 792; x_wconf 84' lang='lat' dir='ltr'>deinde</span> <span class='ocrx_word' id='word_1_25' title='bbox 302 738 360 790; x_wconf 93' lang='lat' dir='ltr'>tam</span> <span class='ocrx_word' id='word_1_26' title='bbox 383 730 544 789; x_wconf 85' lang='lat' dir='ltr'>invidiosus</span> <span class='ocrx_word' id='word_1_27' title='bbox 568 738 599 789; x_wconf 93' lang='lat' dir='ltr'>ut</span> <span class='ocrx_word' id='word_1_28' title='bbox 621 728 696 789; x_wconf 92' lang='lat' dir='ltr'>aliud</span> <span class='ocrx_word' id='word_1_29' title='bbox 720 731 750 788; x_wconf 89' lang='lat' dir='ltr'>in</span> <span class='ocrx_word' id='word_1_30' title='bbox 775 749 840 789; x_wconf 89' lang='lat' dir='ltr'>eum</span> <span class='ocrx_word' id='word_1_31' title='bbox 865 712 1004 790; x_wconf 81' lang='lat' dir='ltr'>iudicium</span> <span class='ocrx_word' id='word_1_32' title='bbox 1022 728 1131 789; x_wconf 75' lang='lat' dir='ltr'>cotidie</span> <span class='ocrx_word' id='word_1_33' title='bbox 1153 729 1311 807; x_wconf 85' lang='lat' dir='ltr'>llagitetur.</span> 
     </span>
     <span class='ocr_line' id='line_1_5' title="bbox 170 839 1311 918; baseline 0 -18"><span class='ocrx_word' id='word_1_34' title='bbox 170 841 218 901; x_wconf 81' lang='lat' dir='ltr'>nto</span> <span class='ocrx_word' id='word_1_35' title='bbox 240 861 273 901; x_wconf 90' lang='lat' dir='ltr'>se</span> <span class='ocrx_word' id='word_1_36' title='bbox 295 843 337 900; x_wconf 89' lang='lat' dir='ltr'>sic</span> <span class='ocrx_word' id='word_1_37' title='bbox 360 839 449 901; x_wconf 79' lang='lat' dir='ltr'>tatu</span> <span class='ocrx_word' id='word_1_38' title='bbox 472 848 503 900; x_wconf 93' lang='lat' dir='ltr'>ut</span> <span class='ocrx_word' id='word_1_39' title='bbox 526 841 619 917; x_wconf 82' lang='lat' dir='ltr'>magis</span> <span class='ocrx_word' id='word_1_40' title='bbox 642 842 765 900; x_wconf 90' lang='lat' dir='ltr'>timeant</span> <span class='ocrx_word' id='word_1_41' title='bbox 788 841 914 900; x_wconf 91' lang='lat' dir='ltr'>etiamsi</span> <span class='ocrx_word' id='word_1_42' title='bbox 936 841 1054 916; x_wconf 78' lang='lat' dir='ltr'>quierit,</span> <span class='ocrx_word' id='word_1_43' title='bbox 1077 857 1164 918; x_wconf 91' lang='lat' dir='ltr'>quam</span> <span class='ocrx_word' id='word_1_44' title='bbox 1188 847 1219 900; x_wconf 91' lang='lat' dir='ltr'>ut</span> <span class='ocrx_word' id='word_1_45' title='bbox 1241 858 1311 900; x_wconf 91' lang='lat' dir='ltr'>con·</span> 
     </span>
     <span class='ocr_line' id='line_1_6' title="bbox 144 949 1360 1028; baseline -0.001 -20"><span class='ocrx_word' id='word_1_46' title='bbox 144 959 301 1011; x_wconf 83' lang='lat' dir='ltr'>stemnant</span> <span class='ocrx_word' id='word_1_47' title='bbox 323 949 418 1028; x_wconf 80' lang='lat' dir='ltr'>siquid</span> <span class='ocrx_word' id='word_1_48' title='bbox 442 950 646 1010; x_wconf 84' lang='lat' dir='ltr'>commoverit.</span> <span class='ocrx_word' id='word_1_49' title='bbox 685 949 802 1020; x_wconf 84' lang='lat' dir='ltr'>Quanto</span> <span class='ocrx_word' id='word_1_50' title='bbox 826 949 931 1010; x_wconf 85' lang='lat' dir='ltr'>melior</span> <span class='ocrx_word' id='word_1_51' title='bbox 952 949 1005 1008; x_wconf 85' lang='lat' dir='ltr'>titi</span> <span class='ocrx_word' id='word_1_52' title='bbox 1029 949 1145 1009; x_wconf 87' lang='lat' dir='ltr'>lortuna</span> <span class='ocrx_word' id='word_1_53' title='bbox 1161 950 1312 1028; x_wconf 75' lang='lat' dir='ltr'>petitionis</span> <span class='ocrx_word' id='word_1_54' title='bbox 1331 951 1360 999; x_wconf 88' lang='lat'>11</span> 
     </span>
     <span class='ocr_line' id='line_1_7' title="bbox 169 1058 1314 1140; baseline -0.001 -20"><span class='ocrx_word' id='word_1_55' title='bbox 169 1061 235 1121; x_wconf 87' lang='lat' dir='ltr'>data</span> <span class='ocrx_word' id='word_1_56' title='bbox 264 1070 308 1121; x_wconf 87' lang='lat' dir='ltr'>est</span> <span class='ocrx_word' id='word_1_57' title='bbox 335 1079 422 1140; x_wconf 89' lang='lat' dir='ltr'>quam</span> <span class='ocrx_word' id='word_1_58' title='bbox 451 1078 546 1138; x_wconf 82' lang='lat' dir='ltr'>nuper</span> <span class='ocrx_word' id='word_1_59' title='bbox 574 1059 687 1119; x_wconf 86' lang='lat' dir='ltr'>homini</span> <span class='ocrx_word' id='word_1_60' title='bbox 711 1078 786 1119; x_wconf 85' lang='lat' dir='ltr'>novo</span> <span class='ocrx_word' id='word_1_61' title='bbox 814 1061 844 1120; x_wconf 86' lang='lat' dir='ltr'>C.</span> <span class='ocrx_word' id='word_1_62' title='bbox 874 1059 983 1120; x_wconf 84' lang='lat' dir='ltr'>Coelio.</span> <span class='ocrx_word' id='word_1_63' title='bbox 1026 1059 1076 1119; x_wconf 92' lang='lat' dir='ltr'>ille</span> <span class='ocrx_word' id='word_1_64' title='bbox 1099 1079 1166 1120; x_wconf 88' lang='lat' dir='ltr'>cum</span> <span class='ocrx_word' id='word_1_65' title='bbox 1197 1058 1314 1120; x_wconf 88' lang='lat' dir='ltr'>duobus</span> 
     </span>
     <span class='ocr_line' id='line_1_8' title="bbox 170 1161 1315 1249; baseline -0.001 -18"><span class='ocrx_word' id='word_1_66' title='bbox 170 1170 339 1231; x_wconf 83' lang='lat' dir='ltr'>hominibus</span> <span class='ocrx_word' id='word_1_67' title='bbox 363 1171 403 1230; x_wconf 92' lang='lat' dir='ltr'>ita</span> <span class='ocrx_word' id='word_1_68' title='bbox 426 1161 625 1230; x_wconf 79' lang='lat' dir='ltr'>nobilissimis</span> <span class='ocrx_word' id='word_1_69' title='bbox 646 1168 779 1249; x_wconf 85' lang='lat' dir='ltr'>petebat,</span> <span class='ocrx_word' id='word_1_70' title='bbox 810 1177 841 1229; x_wconf 92' lang='lat' dir='ltr'>ut</span> <span class='ocrx_word' id='word_1_71' title='bbox 867 1177 967 1230; x_wconf 90' lang='lat' dir='ltr'>tamen</span> <span class='ocrx_word' id='word_1_72' title='bbox 996 1172 1025 1229; x_wconf 93' lang='lat' dir='ltr'>in</span> <span class='ocrx_word' id='word_1_73' title='bbox 1051 1171 1077 1230; x_wconf 90' lang='lat' dir='ltr'>is</span> <span class='ocrx_word' id='word_1_74' title='bbox 1099 1172 1197 1230; x_wconf 92' lang='lat' dir='ltr'>omnia</span> <span class='ocrx_word' id='word_1_75' title='bbox 1217 1169 1315 1248; x_wconf 83' lang='lat' dir='ltr'>pluris</span> 
     </span>
     <span class='ocr_line' id='line_1_9' title="bbox 170 1278 1312 1360; baseline -0.002 -18"><span class='ocrx_word' id='word_1_76' title='bbox 170 1290 269 1342; x_wconf 89' lang='lat' dir='ltr'>essent</span> <span class='ocrx_word' id='word_1_77' title='bbox 290 1299 378 1359; x_wconf 75' lang='lat' dir='ltr'>equam</span> <span class='ocrx_word' id='word_1_78' title='bbox 401 1282 465 1360; x_wconf 89' lang='lat' dir='ltr'>ipsa</span> <span class='ocrx_word' id='word_1_79' title='bbox 490 1278 639 1339; x_wconf 83' lang='lat' dir='ltr'>nobilitas:</span> <span class='ocrx_word' id='word_1_80' title='bbox 665 1299 778 1339; x_wconf 87' lang='lat' dir='ltr'>summa</span> <span class='ocrx_word' id='word_1_81' title='bbox 801 1281 933 1358; x_wconf 85' lang='lat' dir='ltr'>ingenia,</span> <span class='ocrx_word' id='word_1_82' title='bbox 959 1299 1092 1341; x_wconf 88' lang='lat' dir='ltr'>summus</span> <span class='ocrx_word' id='word_1_83' title='bbox 1114 1279 1223 1359; x_wconf 83' lang='lat' dir='ltr'>pudor,</span> <span class='ocrx_word' id='word_1_84' title='bbox 1247 1279 1312 1359; x_wconf 86' lang='lat' dir='ltr'>plu·</span> 
     </span>
     <span class='ocr_line' id='line_1_10' title="bbox 169 1389 1312 1469; baseline 0 -19"><span class='ocrx_word' id='word_1_85' title='bbox 169 1393 244 1451; x_wconf 85' lang='lat' dir='ltr'>rima</span> <span class='ocrx_word' id='word_1_86' title='bbox 267 1389 419 1458; x_wconf 84' lang='lat' dir='ltr'>beneficia,</span> <span class='ocrx_word' id='word_1_87' title='bbox 443 1408 556 1450; x_wconf 90' lang='lat' dir='ltr'>summa</span> <span class='ocrx_word' id='word_1_88' title='bbox 578 1391 655 1450; x_wconf 87' lang='lat' dir='ltr'>ratio</span> <span class='ocrx_word' id='word_1_89' title='bbox 678 1409 712 1450; x_wconf 89' lang='lat' dir='ltr'>ac</span> <span class='ocrx_word' id='word_1_90' title='bbox 736 1389 887 1466; x_wconf 81' lang='lat' dir='ltr'>diligentia</span> <span class='ocrx_word' id='word_1_91' title='bbox 909 1390 1040 1469; x_wconf 86' lang='lat' dir='ltr'>petendi.</span> <span class='ocrx_word' id='word_1_92' title='bbox 1085 1409 1119 1450; x_wconf 92' lang='lat' dir='ltr'>ac</span> <span class='ocrx_word' id='word_1_93' title='bbox 1142 1399 1239 1450; x_wconf 88' lang='lat' dir='ltr'>tamen</span> <span class='ocrx_word' id='word_1_94' title='bbox 1262 1409 1312 1450; x_wconf 90' lang='lat' dir='ltr'>eo-</span> 
     </span>
    </p>

    <p class='ocr_par' dir='ltr' id='par_1_3' title="bbox 132 1496 1363 1580">
     <span class='ocr_line' id='line_1_11' title="bbox 132 1496 1363 1580; baseline 0.003 -23"><span class='ocrx_word' id='word_1_95' title='bbox 132 1521 157 1559; x_wconf 89' lang='lat'>10</span> <span class='ocrx_word' id='word_1_96' title='bbox 170 1520 236 1561; x_wconf 86' lang='lat' dir='ltr'>rum</span> <span class='ocrx_word' id='word_1_97' title='bbox 259 1501 383 1562; x_wconf 90' lang='lat' dir='ltr'>alterum</span> <span class='ocrx_word' id='word_1_98' title='bbox 407 1499 522 1562; x_wconf 88' lang='lat' dir='ltr'>Coelius</span> <span class='ocrx_word' id='word_1_99' title='bbox 550 1517 618 1560; x_wconf 90' lang='lat' dir='ltr'>cnm</span> <span class='ocrx_word' id='word_1_100' title='bbox 648 1499 740 1560; x_wconf 90' lang='lat' dir='ltr'>multo</span> <span class='ocrx_word' id='word_1_101' title='bbox 767 1501 892 1560; x_wconf 83' lang='lat' dir='ltr'>interior</span> <span class='ocrx_word' id='word_1_102' title='bbox 916 1508 995 1561; x_wconf 87' lang='lat' dir='ltr'>esset</span> <span class='ocrx_word' id='word_1_103' title='bbox 1022 1518 1148 1578; x_wconf 83' lang='lat' dir='ltr'>genere,</span> <span class='ocrx_word' id='word_1_104' title='bbox 1177 1501 1313 1580; x_wconf 81' lang='lat' dir='ltr'>superior</span> <span class='ocrx_word' id='word_1_105' title='bbox 1356 1496 1363 1509; x_wconf 60' lang='lat'>‘</span> 
     </span>
    </p>
   </div>
   <div class='ocr_carea' id='block_1_3' title="bbox 171 1700 1314 1906">
    <p class='ocr_par' dir='ltr' id='par_1_4' title="bbox 171 1700 1314 1906">
     <span class='ocr_line' id='line_1_12' title="bbox 238 1700 1314 1767; baseline -0.001 -15"><span class='ocrx_word' id='word_1_106' title='bbox 238 1707 253 1752; x_wconf 81' lang='lat'><strong>2</strong></span> <span class='ocrx_word' id='word_1_107' title='bbox 272 1704 300 1752; x_wconf 90' lang='lat' dir='ltr'>in</span> <span class='ocrx_word' id='word_1_108' title='bbox 320 1718 378 1752; x_wconf 91' lang='lat' dir='ltr'>enm</span> <span class='ocrx_word' id='word_1_109' title='bbox 398 1702 529 1752; x_wconf 87' lang='lat' dir='ltr'>iudicium</span> <span class='ocrx_word' id='word_1_110' title='bbox 547 1701 654 1765; x_wconf 77' lang='lat' dir='ltr'>seclusit</span> <span class='ocrx_word' id='word_1_111' title='bbox 674 1702 785 1751; x_wconf 87' lang='lat' dir='ltr'>fuerunt</span> <span class='ocrx_word' id='word_1_112' title='bbox 803 1705 904 1753; x_wconf 84' lang='lat' dir='ltr'>addidit</span> <span class='ocrx_word' id='word_1_113' title='bbox 921 1700 961 1766; x_wconf 83' lang='lat' dir='ltr'>Ll</span> <span class='ocrx_word' id='word_1_114' title='bbox 980 1706 995 1753; x_wconf 90' lang='lat'>3</span> <span class='ocrx_word' id='word_1_115' title='bbox 1015 1700 1145 1767; x_wconf 83' lang='lat' dir='ltr'>cottidiel</span> <span class='ocrx_word' id='word_1_116' title='bbox 1163 1705 1180 1753; x_wconf 89' lang='grc'>4</span> <span class='ocrx_word' id='word_1_117' title='bbox 1198 1705 1314 1754; x_wconf 82' lang='lat' dir='ltr'>timeant</span> 
     </span>
     <span class='ocr_line' id='line_1_13' title="bbox 175 1770 1311 1836; baseline 0.001 -16"><span class='ocrx_word' id='word_1_118' title='bbox 175 1771 332 1836; x_wconf 74' lang='lat' dir='ltr'>Tydemenus</span> <span class='ocrx_word' id='word_1_119' title='bbox 350 1779 377 1820; x_wconf 89' lang='lat' dir='ltr'>et</span> <span class='ocrx_word' id='word_1_120' title='bbox 393 1786 459 1834; x_wconf 81' lang='lat' dir='ltr'>epo:</span> <span class='ocrx_word' id='word_1_121' title='bbox 479 1771 577 1820; x_wconf 86' lang='lat' dir='ltr'>timeat</span> <span class='ocrx_word' id='word_1_122' title='bbox 597 1770 600 1834; x_wconf 90' lang='grc' dir='ltr'>Ι</span> <span class='ocrx_word' id='word_1_123' title='bbox 621 1775 800 1819; x_wconf 86' lang='lat' dir='ltr'>contemnent</span> <span class='ocrx_word' id='word_1_124' title='bbox 821 1771 979 1836; x_wconf 61' lang='lat' dir='ltr'>quernanus</span> <span class='ocrx_word' id='word_1_125' title='bbox 1003 1779 1029 1821; x_wconf 88' lang='lat' dir='ltr'>et</span> <span class='ocrx_word' id='word_1_126' title='bbox 1046 1786 1112 1835; x_wconf 75' lang='lat' dir='ltr'>epo:</span> <span class='ocrx_word' id='word_1_127' title='bbox 1128 1776 1289 1822; x_wconf 83' lang='lat' dir='ltr'>contemnat</span> <span class='ocrx_word' id='word_1_128' title='bbox 1308 1773 1311 1836; x_wconf 81' lang='lat' dir='ltr'>l</span> 
     </span>
     <span class='ocr_line' id='line_1_14' title="bbox 171 1835 824 1906; baseline -0.002 -17"><span class='ocrx_word' id='word_1_129' title='bbox 171 1844 186 1889; x_wconf 80' lang='lat'>5</span> <span class='ocrx_word' id='word_1_130' title='bbox 204 1840 352 1904; x_wconf 85' lang='lat' dir='ltr'>peticionis</span> <span class='ocrx_word' id='word_1_131' title='bbox 368 1837 371 1902; x_wconf 83' lang='grc' dir='ltr'>Ι</span> <span class='ocrx_word' id='word_1_132' title='bbox 388 1839 403 1886; x_wconf 87' lang='grc'><strong>6</strong></span> <span class='ocrx_word' id='word_1_133' title='bbox 421 1835 508 1902; x_wconf 82' lang='lat' dir='ltr'>celiel</span> <span class='ocrx_word' id='word_1_134' title='bbox 527 1841 542 1888; x_wconf 80' lang='grc'>1</span> <span class='ocrx_word' id='word_1_135' title='bbox 561 1839 588 1886; x_wconf 87' lang='grc'>11</span> <span class='ocrx_word' id='word_1_136' title='bbox 608 1835 669 1902; x_wconf 79' lang='lat' dir='ltr'>nist</span> <span class='ocrx_word' id='word_1_137' title='bbox 686 1841 718 1887; x_wconf 90' lang='grc'>10</span> <span class='ocrx_word' id='word_1_138' title='bbox 737 1839 824 1906; x_wconf 86' lang='lat' dir='ltr'>celius</span> 
     </span>
    </p>
   </div>
   <div class='ocr_carea' id='block_1_4' title="bbox 171 2024 1314 2294">
    <p class='ocr_par' dir='ltr' id='par_1_5' title="bbox 171 2024 1314 2294">
     <span class='ocr_line' id='line_1_15' title="bbox 240 2024 1314 2090; baseline 0 -15"><span class='ocrx_word' id='word_1_139' title='bbox 240 2028 329 2075; x_wconf 81' lang='lat' dir='ltr'>ltam</span> <span class='ocrx_word' id='word_1_140' title='bbox 348 2039 433 2089; x_wconf 84' lang='lat' dir='ltr'>egens</span> <span class='ocrx_word' id='word_1_141' title='bbox 453 2040 537 2074; x_wconf 82' lang='lat' dir='ltr'>exeo</span> <span class='ocrx_word' id='word_1_142' title='bbox 556 2024 660 2074; x_wconf 87' lang='lat' dir='ltr'>iudicio</span> <span class='ocrx_word' id='word_1_143' title='bbox 679 2027 858 2074; x_wconf 84' lang='grc'><em>14750122</em></span> <span class='ocrx_word' id='word_1_144' title='bbox 878 2029 928 2074; x_wconf 82' lang='grc'>124</span> <span class='ocrx_word' id='word_1_145' title='bbox 947 2024 1017 2090; x_wconf 77' lang='grc'><em>1261</em></span> <span class='ocrx_word' id='word_1_146' title='bbox 1041 2028 1057 2076; x_wconf 77' lang='lat'><strong>2</strong></span> <span class='ocrx_word' id='word_1_147' title='bbox 1076 2031 1141 2076; x_wconf 86' lang='lat' dir='ltr'>ante</span> <span class='ocrx_word' id='word_1_148' title='bbox 1159 2024 1227 2075; x_wconf 90' lang='lat' dir='ltr'>illud</span> <span class='ocrx_word' id='word_1_149' title='bbox 1246 2026 1314 2076; x_wconf 90' lang='lat' dir='ltr'>iudi·</span> 
     </span>
     <span class='ocr_line' id='line_1_16' title="bbox 171 2089 1313 2160; baseline 0.001 -18"><span class='ocrx_word' id='word_1_150' title='bbox 171 2093 273 2143; x_wconf 87' lang='lat' dir='ltr'>dicium</span> <span class='ocrx_word' id='word_1_151' title='bbox 293 2095 404 2142; x_wconf 82' lang='lat' dir='ltr'>fuetuut</span> <span class='ocrx_word' id='word_1_152' title='bbox 421 2094 445 2141; x_wconf 84' lang='lat' dir='ltr'><em>L</em></span> <span class='ocrx_word' id='word_1_153' title='bbox 461 2089 464 2155; x_wconf 76' lang='grc' dir='ltr'>Ι</span> <span class='ocrx_word' id='word_1_154' title='bbox 480 2094 497 2141; x_wconf 89' lang='grc'>4</span> <span class='ocrx_word' id='word_1_155' title='bbox 514 2093 652 2157; x_wconf 84' lang='lat' dir='ltr'>quieuerit</span> <span class='ocrx_word' id='word_1_156' title='bbox 669 2094 693 2141; x_wconf 84' lang='lat' dir='ltr'><em>L</em></span> <span class='ocrx_word' id='word_1_157' title='bbox 710 2099 818 2157; x_wconf 85' lang='lat' dir='ltr'>praeter</span> <span class='ocrx_word' id='word_1_158' title='bbox 836 2097 885 2142; x_wconf 87' lang='grc'>117</span> <span class='ocrx_word' id='word_1_159' title='bbox 901 2093 904 2158; x_wconf 92' lang='grc' dir='ltr'>Ι</span> <span class='ocrx_word' id='word_1_160' title='bbox 922 2097 952 2143; x_wconf 90' lang='grc'>10</span> <span class='ocrx_word' id='word_1_161' title='bbox 972 2090 1101 2160; x_wconf 78' lang='lat' dir='ltr'>atterum]</span> <span class='ocrx_word' id='word_1_162' title='bbox 1123 2110 1183 2144; x_wconf 89' lang='lat' dir='ltr'>cum</span> <span class='ocrx_word' id='word_1_163' title='bbox 1202 2095 1313 2144; x_wconf 84' lang='lat' dir='ltr'>deesset</span> 
     </span>
     <span class='ocr_line' id='line_1_17' title="bbox 172 2159 1314 2226; baseline 0.001 -17"><span class='ocrx_word' id='word_1_164' title='bbox 172 2163 244 2211; x_wconf 88' lang='lat' dir='ltr'>alter</span> <span class='ocrx_word' id='word_1_165' title='bbox 261 2163 323 2223; x_wconf 66' lang='lat' dir='ltr'>aeid.</span> <span class='ocrx_word' id='word_1_166' title='bbox 342 2162 366 2210; x_wconf 83' lang='lat' dir='ltr'><em>L</em></span> <span class='ocrx_word' id='word_1_167' title='bbox 388 2168 494 2224; x_wconf 86' lang='lat' dir='ltr'>praeter</span> <span class='ocrx_word' id='word_1_168' title='bbox 513 2163 547 2210; x_wconf 80' lang='lat'>38</span> <span class='ocrx_word' id='word_1_169' title='bbox 572 2176 632 2209; x_wconf 88' lang='lat' dir='ltr'>cum</span> <span class='ocrx_word' id='word_1_170' title='bbox 655 2160 766 2210; x_wconf 80' lang='lat' dir='ltr'>deesset</span> <span class='ocrx_word' id='word_1_171' title='bbox 788 2162 848 2210; x_wconf 84' lang='lat' dir='ltr'>add.</span> <span class='ocrx_word' id='word_1_172' title='bbox 870 2163 901 2210; x_wconf 88' lang='lat' dir='ltr'>V.</span> <span class='ocrx_word' id='word_1_173' title='bbox 926 2159 998 2211; x_wconf 72' lang='lat' dir='ltr'>aidels</span> <span class='ocrx_word' id='word_1_174' title='bbox 1018 2167 1127 2226; x_wconf 76' lang='lat' dir='ltr'>plossmn</span> <span class='ocrx_word' id='word_1_175' title='bbox 1145 2161 1223 2212; x_wconf 82' lang='lat' dir='ltr'>deest</span> <span class='ocrx_word' id='word_1_176' title='bbox 1242 2162 1314 2211; x_wconf 87' lang='lat' dir='ltr'>alter</span> 
     </span>
     <span class='ocr_line' id='line_1_18' title="bbox 173 2225 829 2294; baseline -0.003 -16"><span class='ocrx_word' id='word_1_177' title='bbox 173 2228 176 2294; x_wconf 84' lang='lat' dir='ltr'>l</span> <span class='ocrx_word' id='word_1_178' title='bbox 197 2229 307 2278; x_wconf 86' lang='lat' dir='ltr'>Coelius</span> <span class='ocrx_word' id='word_1_179' title='bbox 325 2229 409 2278; x_wconf 86' lang='lat' dir='ltr'>etiam</span> <span class='ocrx_word' id='word_1_180' title='bbox 428 2242 487 2278; x_wconf 89' lang='lat' dir='ltr'>cum</span> <span class='ocrx_word' id='word_1_181' title='bbox 507 2229 530 2276; x_wconf 83' lang='lat' dir='ltr'><em>L</em></span> <span class='ocrx_word' id='word_1_182' title='bbox 554 2225 558 2293; x_wconf 80' lang='lat' dir='ltr'>l</span> <span class='ocrx_word' id='word_1_183' title='bbox 583 2233 657 2278; x_wconf 87' lang='lat' dir='ltr'>esset</span> <span class='ocrx_word' id='word_1_184' title='bbox 675 2228 789 2278; x_wconf 85' lang='lat' dir='ltr'>inferior</span> <span class='ocrx_word' id='word_1_185' title='bbox 807 2231 829 2276; x_wconf 79' lang='lat' dir='ltr'>t</span> 
     </span>
    </p>
   </div>
   <div class='ocr_carea' id='block_1_5' title="bbox 136 2422 1357 4453">
    <p class='ocr_par' dir='ltr' id='par_1_6' title="bbox 136 2422 1357 4453">
     <span class='ocr_line' id='line_1_19' title="bbox 172 2422 1313 2489; baseline 0.004 -15"><span class='ocrx_word' id='word_1_186' title='bbox 172 2422 353 2488; x_wconf 84' lang='lat' dir='ltr'>temptamur,</span> <span class='ocrx_word' id='word_1_187' title='bbox 383 2423 467 2476; x_wconf 89' lang='lat' dir='ltr'>etiam</span> <span class='ocrx_word' id='word_1_188' title='bbox 492 2437 637 2487; x_wconf 83' lang='lat' dir='ltr'>proxumo</span> <span class='ocrx_word' id='word_1_189' title='bbox 665 2427 730 2477; x_wconf 78' lang='lat' dir='ltr'>riute</span> <span class='ocrx_word' id='word_1_190' title='bbox 756 2424 805 2488; x_wconf 81' lang='lat' dir='ltr'>qtti</span> <span class='ocrx_word' id='word_1_191' title='bbox 825 2438 915 2489; x_wconf 88' lang='lat' dir='ltr'>supra</span> <span class='ocrx_word' id='word_1_192' title='bbox 933 2423 1033 2478; x_wconf 83' lang='lat' dir='ltr'>dictus.</span> <span class='ocrx_word' id='word_1_193' title='bbox 1048 2429 1091 2478; x_wconf 90' lang='lat' dir='ltr'>est</span> <span class='ocrx_word' id='word_1_194' title='bbox 1112 2423 1154 2477; x_wconf 88' lang='lat' dir='ltr'>nil</span> <span class='ocrx_word' id='word_1_195' title='bbox 1169 2430 1313 2480; x_wconf 74' lang='lat' dir='ltr'>metuere?</span> 
     </span>
     <span class='ocr_line' id='line_1_20' title="bbox 173 2489 1312 2556; baseline 0.005 -14"><span class='ocrx_word' id='word_1_196' title='bbox 173 2489 729 2556; x_wconf 81' lang='lat' dir='ltr'>Caesaremtemporeprouissimapuae-</span> <span class='ocrx_word' id='word_1_197' title='bbox 756 2493 888 2546; x_wconf 88' lang='lat' dir='ltr'>timeutne</span> <span class='ocrx_word' id='word_1_198' title='bbox 906 2490 1028 2546; x_wconf 79' lang='lat' dir='ltr'>Catilina</span> <span class='ocrx_word' id='word_1_199' title='bbox 1049 2491 1195 2546; x_wconf 84' lang='lat' dir='ltr'>absolutus</span> <span class='ocrx_word' id='word_1_200' title='bbox 1212 2509 1248 2548; x_wconf 89' lang='lat' dir='ltr'>ne</span> <span class='ocrx_word' id='word_1_201' title='bbox 1266 2509 1312 2548; x_wconf 89' lang='lat' dir='ltr'>ee—</span> 
     </span>
     <span class='ocr_line' id='line_1_21' title="bbox 172 2556 1315 2627; baseline 0.004 -16"><span class='ocrx_word' id='word_1_202' title='bbox 172 2571 224 2623; x_wconf 83' lang='lat' dir='ltr'>pue</span> <span class='ocrx_word' id='word_1_203' title='bbox 239 2556 321 2624; x_wconf 79' lang='lat' dir='ltr'>sacta</span> <span class='ocrx_word' id='word_1_204' title='bbox 337 2557 438 2612; x_wconf 83' lang='lat' dir='ltr'>subitis</span> <span class='ocrx_word' id='word_1_205' title='bbox 456 2573 491 2610; x_wconf 91' lang='lat' dir='ltr'>ac</span> <span class='ocrx_word' id='word_1_206' title='bbox 506 2557 639 2623; x_wconf 75' lang='lat' dir='ltr'>fortuitis</span> <span class='ocrx_word' id='word_1_207' title='bbox 657 2560 729 2613; x_wconf 87' lang='lat' dir='ltr'>scri·</span> <span class='ocrx_word' id='word_1_208' title='bbox 756 2565 891 2614; x_wconf 85' lang='lat' dir='ltr'>cusetur?</span> <span class='ocrx_word' id='word_1_209' title='bbox 905 2560 1007 2614; x_wconf 83' lang='lat' dir='ltr'>deinde</span> <span class='ocrx_word' id='word_1_210' title='bbox 1019 2566 1199 2615; x_wconf 83' lang='lat' dir='ltr'>contemnere</span> <span class='ocrx_word' id='word_1_211' title='bbox 1212 2561 1315 2627; x_wconf 79' lang='lat' dir='ltr'>siquid</span> 
     </span>
     <span class='ocr_line' id='line_1_22' title="bbox 170 2625 1313 2695; baseline 0.004 -18"><span class='ocrx_word' id='word_1_212' title='bbox 170 2625 315 2690; x_wconf 84' lang='lat' dir='ltr'>ptiouibus</span> <span class='ocrx_word' id='word_1_213' title='bbox 335 2625 506 2691; x_wconf 82' lang='lat' dir='ltr'>peruolpata</span> <span class='ocrx_word' id='word_1_214' title='bbox 529 2641 593 2680; x_wconf 88' lang='lat' dir='ltr'>esse</span> <span class='ocrx_word' id='word_1_215' title='bbox 611 2627 664 2680; x_wconf 80' lang='lat' dir='ltr'>uix</span> <span class='ocrx_word' id='word_1_216' title='bbox 681 2642 729 2680; x_wconf 90' lang='lat' dir='ltr'>ne·</span> <span class='ocrx_word' id='word_1_217' title='bbox 757 2629 943 2682; x_wconf 85' lang='lat' dir='ltr'>commoneris</span> <span class='ocrx_word' id='word_1_218' title='bbox 964 2627 1052 2694; x_wconf 75' lang='lat' dir='ltr'>piare</span> <span class='ocrx_word' id='word_1_219' title='bbox 1075 2629 1156 2683; x_wconf 85' lang='lat' dir='ltr'>aliud</span> <span class='ocrx_word' id='word_1_220' title='bbox 1172 2635 1215 2683; x_wconf 89' lang='lat' dir='ltr'>est</span> <span class='ocrx_word' id='word_1_221' title='bbox 1231 2636 1313 2695; x_wconf 80' lang='lat' dir='ltr'>utque</span> 
     </span>
     <span class='ocr_line' id='line_1_23' title="bbox 171 2693 1316 2761; baseline 0.004 -16"><span class='ocrx_word' id='word_1_222' title='bbox 171 2693 307 2757; x_wconf 73' lang='lat' dir='ltr'>¹aesrrlrirnus.</span> <span class='ocrx_word' id='word_1_223' title='bbox 336 2695 430 2758; x_wconf 83' lang='lat' dir='ltr'>itaque</span> <span class='ocrx_word' id='word_1_224' title='bbox 447 2693 482 2747; x_wconf 84' lang='lat' dir='ltr'>de</span> <span class='ocrx_word' id='word_1_225' title='bbox 499 2693 605 2746; x_wconf 90' lang='lat' dir='ltr'>iudicio</span> <span class='ocrx_word' id='word_1_226' title='bbox 623 2708 731 2760; x_wconf 80' lang='lat' dir='ltr'>quoque</span> <span class='ocrx_word' id='word_1_227' title='bbox 757 2701 937 2749; x_wconf 88' lang='lat' dir='ltr'>contemnere</span> <span class='ocrx_word' id='word_1_228' title='bbox 947 2696 1050 2761; x_wconf 80' lang='lat' dir='ltr'>siquid</span> <span class='ocrx_word' id='word_1_229' title='bbox 1058 2711 1090 2750; x_wconf 90' lang='lat' dir='ltr'>re</span> <span class='ocrx_word' id='word_1_230' title='bbox 1100 2703 1235 2751; x_wconf 90' lang='lat' dir='ltr'>commotu</span> <span class='ocrx_word' id='word_1_231' title='bbox 1247 2696 1316 2750; x_wconf 88' lang='lat' dir='ltr'>maii</span> 
     </span>
     <span class='ocr_line' id='line_1_24' title="bbox 174 2760 1313 2831; baseline 0.004 -17"><span class='ocrx_word' id='word_1_232' title='bbox 174 2760 312 2814; x_wconf 81' lang='lat' dir='ltr'>Catilinae</span> <span class='ocrx_word' id='word_1_233' title='bbox 341 2760 390 2815; x_wconf 87' lang='lat' dir='ltr'>illo</span> <span class='ocrx_word' id='word_1_234' title='bbox 419 2763 651 2815; x_wconf 88' lang='lat' dir='ltr'>commentarium</span> <span class='ocrx_word' id='word_1_235' title='bbox 679 2762 731 2815; x_wconf 90' lang='lat' dir='ltr'>ali·</span> <span class='ocrx_word' id='word_1_236' title='bbox 759 2765 851 2817; x_wconf 88' lang='lat' dir='ltr'>instet.</span> <span class='ocrx_word' id='word_1_237' title='bbox 880 2763 932 2817; x_wconf 84' lang='lat' dir='ltr'>sed</span> <span class='ocrx_word' id='word_1_238' title='bbox 948 2765 1091 2818; x_wconf 83' lang='lat' dir='ltr'>mittamus</span> <span class='ocrx_word' id='word_1_239' title='bbox 1108 2779 1211 2829; x_wconf 83' lang='lat' dir='ltr'>nupas.</span> <span class='ocrx_word' id='word_1_240' title='bbox 1247 2780 1313 2831; x_wconf 90' lang='lat' dir='ltr'>pro·</span> 
     </span>
     <span class='ocr_line' id='line_1_25' title="bbox 172 2829 1313 2898; baseline 0.004 -17"><span class='ocrx_word' id='word_1_241' title='bbox 172 2843 252 2895; x_wconf 78' lang='lat' dir='ltr'>quem</span> <span class='ocrx_word' id='word_1_242' title='bbox 266 2835 336 2895; x_wconf 91' lang='lat' dir='ltr'>puto</span> <span class='ocrx_word' id='word_1_243' title='bbox 353 2830 484 2883; x_wconf 78' lang='lat' dir='ltr'>extitisse</span> <span class='ocrx_word' id='word_1_244' title='bbox 503 2831 551 2894; x_wconf 80' lang='lat' dir='ltr'>qui</span> <span class='ocrx_word' id='word_1_245' title='bbox 563 2831 675 2883; x_wconf 87' lang='lat' dir='ltr'>testium</span> <span class='ocrx_word' id='word_1_246' title='bbox 687 2830 728 2883; x_wconf 89' lang='lat' dir='ltr'>di·</span> <span class='ocrx_word' id='word_1_247' title='bbox 755 2829 925 2885; x_wconf 84' lang='lat' dir='ltr'>ciestMareo</span> <span class='ocrx_word' id='word_1_248' title='bbox 938 2833 1021 2885; x_wconf 86' lang='lat' dir='ltr'>timor</span> <span class='ocrx_word' id='word_1_249' title='bbox 1033 2847 1114 2897; x_wconf 82' lang='lat' dir='ltr'>quem</span> <span class='ocrx_word' id='word_1_250' title='bbox 1132 2831 1178 2885; x_wconf 89' lang='lat' dir='ltr'>uei</span> <span class='ocrx_word' id='word_1_251' title='bbox 1191 2834 1313 2898; x_wconf 79' lang='lat' dir='ltr'>quietus,</span> 
     </span>
     <span class='ocr_line' id='line_1_26' title="bbox 171 2895 1314 2966; baseline 0.003 -17"><span class='ocrx_word' id='word_1_252' title='bbox 171 2903 217 2950; x_wconf 90' lang='lat' dir='ltr'>cta</span> <span class='ocrx_word' id='word_1_253' title='bbox 230 2897 415 2962; x_wconf 83' lang='lat' dir='ltr'>suppeditare</span> <span class='ocrx_word' id='word_1_254' title='bbox 426 2895 528 2950; x_wconf 91' lang='lat' dir='ltr'>Marco</span> <span class='ocrx_word' id='word_1_255' title='bbox 537 2899 672 2962; x_wconf 90' lang='lat' dir='ltr'>patuerit.</span> <span class='ocrx_word' id='word_1_256' title='bbox 702 2904 728 2950; x_wconf 89' lang='lat' dir='ltr'>et</span> <span class='ocrx_word' id='word_1_257' title='bbox 755 2905 852 2952; x_wconf 87' lang='lat' dir='ltr'>terror</span> <span class='ocrx_word' id='word_1_258' title='bbox 864 2914 944 2964; x_wconf 82' lang='lat' dir='ltr'>quem</span> <span class='ocrx_word' id='word_1_259' title='bbox 956 2899 1131 2954; x_wconf 83' lang='lat' dir='ltr'>conturbans</span> <span class='ocrx_word' id='word_1_260' title='bbox 1149 2902 1314 2966; x_wconf 87' lang='lat' dir='ltr'>competitor</span> 
     </span>
     <span class='ocr_line' id='line_1_27' title="bbox 168 2965 1356 3036; baseline 0.003 -20"><span class='ocrx_word' id='word_1_261' title='bbox 168 2965 729 3030; x_wconf 81' lang='lat' dir='ltr'>particulaeetsiinduorumenuntiato-</span> <span class='ocrx_word' id='word_1_262' title='bbox 756 2966 891 3032; x_wconf 76' lang='lat' dir='ltr'>suisecit.</span> <span class='ocrx_word' id='word_1_263' title='bbox 921 2984 1004 3033; x_wconf 84' lang='lat' dir='ltr'>quam</span> <span class='ocrx_word' id='word_1_264' title='bbox 1022 2967 1054 3021; x_wconf 85' lang='lat' dir='ltr'>od</span> <span class='ocrx_word' id='word_1_265' title='bbox 1067 2982 1201 3021; x_wconf 87' lang='lat' dir='ltr'>caussam</span> <span class='ocrx_word' id='word_1_266' title='bbox 1218 2975 1268 3022; x_wconf 90' lang='lat' dir='ltr'>aut</span> <span class='ocrx_word' id='word_1_267' title='bbox 1281 2968 1313 3021; x_wconf 89' lang='lat' dir='ltr'>ti·</span> <span class='ocrx_word' id='word_1_268' title='bbox 1352 3029 1356 3036; x_wconf 77' lang='lat'><em>,</em></span> 
     </span>
     <span class='ocr_line' id='line_1_28' title="bbox 172 3032 1314 3090; baseline 0.003 -6"><span class='ocrx_word' id='word_1_269' title='bbox 172 3048 236 3084; x_wconf 89' lang='lat' dir='ltr'>rum</span> <span class='ocrx_word' id='word_1_270' title='bbox 247 3035 434 3086; x_wconf 84' lang='lat' dir='ltr'>commissura</span> <span class='ocrx_word' id='word_1_271' title='bbox 463 3035 552 3086; x_wconf 88' lang='lat' dir='ltr'>ositae</span> <span class='ocrx_word' id='word_1_272' title='bbox 562 3032 729 3088; x_wconf 88' lang='lat' dir='ltr'>duriuscule</span> <span class='ocrx_word' id='word_1_273' title='bbox 756 3042 863 3088; x_wconf 81' lang='lat' dir='ltr'>mentm·</span> <span class='ocrx_word' id='word_1_274' title='bbox 880 3041 907 3088; x_wconf 90' lang='lat' dir='ltr'>et</span> <span class='ocrx_word' id='word_1_275' title='bbox 925 3042 1116 3089; x_wconf 85' lang='lat' dir='ltr'>contemnatur</span> <span class='ocrx_word' id='word_1_276' title='bbox 1133 3035 1314 3090; x_wconf 83' lang='lat' dir='ltr'>scribendum</span> 
     </span>
     <span class='ocr_line' id='line_1_29' title="bbox 172 3100 1357 3169; baseline 0.004 -17"><span class='ocrx_word' id='word_1_277' title='bbox 172 3100 253 3154; x_wconf 87' lang='lat' dir='ltr'>aliud</span> <span class='ocrx_word' id='word_1_278' title='bbox 264 3100 423 3166; x_wconf 81' lang='lat' dir='ltr'>exemplum</span> <span class='ocrx_word' id='word_1_279' title='bbox 456 3105 489 3150; x_wconf 84' lang='lat'>37</span> <span class='ocrx_word' id='word_1_280' title='bbox 498 3101 626 3165; x_wconf 84' lang='lat' dir='ltr'>praebet,</span> <span class='ocrx_word' id='word_1_281' title='bbox 637 3107 730 3155; x_wconf 77' lang='lat' dir='ltr'>taimen</span> <span class='ocrx_word' id='word_1_282' title='bbox 757 3109 820 3158; x_wconf 86' lang='lat' dir='ltr'>erat</span> <span class='ocrx_word' id='word_1_283' title='bbox 837 3107 888 3156; x_wconf 85' lang='lat' dir='ltr'>aut</span> <span class='ocrx_word' id='word_1_284' title='bbox 903 3103 978 3168; x_wconf 79' lang='lat' dir='ltr'>quod</span> <span class='ocrx_word' id='word_1_285' title='bbox 994 3104 1024 3156; x_wconf 89' lang='lat' dir='ltr'>in</span> <span class='ocrx_word' id='word_1_286' title='bbox 1045 3102 1158 3157; x_wconf 81' lang='lat' dir='ltr'>schedis</span> <span class='ocrx_word' id='word_1_287' title='bbox 1178 3103 1314 3169; x_wconf 83' lang='lat' dir='ltr'>Tpdema-</span> <span class='ocrx_word' id='word_1_288' title='bbox 1356 3137 1357 3140; x_wconf 58' lang='lat'><em>=</em></span> 
     </span>
     <span class='ocr_line' id='line_1_30' title="bbox 171 3167 1314 3236; baseline 0.005 -16"><span class='ocrx_word' id='word_1_289' title='bbox 171 3167 217 3220; x_wconf 78' lang='lat' dir='ltr'>liic</span> <span class='ocrx_word' id='word_1_290' title='bbox 244 3168 319 3234; x_wconf 81' lang='lat' dir='ltr'>quod</span> <span class='ocrx_word' id='word_1_291' title='bbox 332 3169 496 3235; x_wconf 82' lang='lat' dir='ltr'>pronomini</span> <span class='ocrx_word' id='word_1_292' title='bbox 511 3168 583 3222; x_wconf 87' lang='lat' dir='ltr'>male</span> <span class='ocrx_word' id='word_1_293' title='bbox 608 3168 729 3224; x_wconf 84' lang='lat' dir='ltr'>obtendi·</span> <span class='ocrx_word' id='word_1_294' title='bbox 757 3185 813 3224; x_wconf 89' lang='lat' dir='ltr'>nus</span> <span class='ocrx_word' id='word_1_295' title='bbox 826 3171 901 3224; x_wconf 90' lang='lat' dir='ltr'>inter</span> <span class='ocrx_word' id='word_1_296' title='bbox 914 3170 971 3224; x_wconf 88' lang='lat' dir='ltr'>ulia</span> <span class='ocrx_word' id='word_1_297' title='bbox 985 3177 1067 3236; x_wconf 76' lang='lat' dir='ltr'>eatque</span> <span class='ocrx_word' id='word_1_298' title='bbox 1079 3171 1192 3225; x_wconf 88' lang='lat' dir='ltr'>inutilia</span> <span class='ocrx_word' id='word_1_299' title='bbox 1205 3171 1314 3226; x_wconf 87' lang='lat' dir='ltr'>rettulit</span> 
     </span>
     <span class='ocr_line' id='line_1_31' title="bbox 172 3235 1314 3303; baseline 0.004 -15"><span class='ocrx_word' id='word_1_300' title='bbox 172 3241 229 3298; x_wconf 87' lang='lat' dir='ltr'>tur,</span> <span class='ocrx_word' id='word_1_301' title='bbox 243 3235 367 3291; x_wconf 86' lang='lat' dir='ltr'>tollenda</span> <span class='ocrx_word' id='word_1_302' title='bbox 381 3237 503 3290; x_wconf 79' lang='lat' dir='ltr'>indetur.</span> <span class='ocrx_word' id='word_1_303' title='bbox 755 3239 861 3303; x_wconf 87' lang='lat' dir='ltr'>etipse</span> <span class='ocrx_word' id='word_1_304' title='bbox 882 3238 988 3292; x_wconf 83' lang='lat' dir='ltr'>dudum</span> <span class='ocrx_word' id='word_1_305' title='bbox 1008 3241 1176 3293; x_wconf 81' lang='lat' dir='ltr'>inuenerem</span> <span class='ocrx_word' id='word_1_306' title='bbox 1202 3238 1314 3294; x_wconf 88' lang='lat' dir='ltr'>timeant</span> 
     </span>
     <span class='ocr_line' id='line_1_32' title="bbox 219 3301 1314 3370; baseline 0.008 -18"><span class='ocrx_word' id='word_1_307' title='bbox 219 3307 234 3352; x_wconf 87' lang='lat'><em>2</em></span> <span class='ocrx_word' id='word_1_308' title='bbox 264 3310 327 3358; x_wconf 86' lang='lat' dir='ltr'>aute</span> <span class='ocrx_word' id='word_1_309' title='bbox 355 3301 423 3358; x_wconf 90' lang='lat' dir='ltr'>illud</span> <span class='ocrx_word' id='word_1_310' title='bbox 457 3301 586 3357; x_wconf 90' lang='lat' dir='ltr'>indicium</span> <span class='ocrx_word' id='word_1_311' title='bbox 616 3302 730 3358; x_wconf 86' lang='lat' dir='ltr'>luerunt</span> <span class='ocrx_word' id='word_1_312' title='bbox 755 3312 783 3360; x_wconf 94' lang='lat' dir='ltr'>et</span> <span class='ocrx_word' id='word_1_313' title='bbox 795 3313 978 3360; x_wconf 87' lang='lat' dir='ltr'>contemnant.</span> <span class='ocrx_word' id='word_1_314' title='bbox 1002 3306 1159 3370; x_wconf 70' lang='grc'><em>1111111111</em></span> <span class='ocrx_word' id='word_1_315' title='bbox 1168 3307 1314 3361; x_wconf 83' lang='lat' dir='ltr'>notaleaec</span> 
     </span>
     <span class='ocr_line' id='line_1_33' title="bbox 172 3369 1314 3440; baseline 0.004 -17"><span class='ocrx_word' id='word_1_316' title='bbox 172 3370 262 3436; x_wconf 83' lang='lat' dir='ltr'>irolpo.</span> <span class='ocrx_word' id='word_1_317' title='bbox 295 3372 346 3425; x_wconf 88' lang='lat' dir='ltr'>sed</span> <span class='ocrx_word' id='word_1_318' title='bbox 369 3369 501 3436; x_wconf 81' lang='lat' dir='ltr'>quoniam</span> <span class='ocrx_word' id='word_1_319' title='bbox 526 3387 558 3424; x_wconf 80' lang='lat' dir='ltr'>ex</span> <span class='ocrx_word' id='word_1_320' title='bbox 575 3387 607 3425; x_wconf 90' lang='lat' dir='ltr'>eo</span> <span class='ocrx_word' id='word_1_321' title='bbox 627 3371 728 3426; x_wconf 87' lang='lat' dir='ltr'>iudicio</span> <span class='ocrx_word' id='word_1_322' title='bbox 755 3379 799 3428; x_wconf 91' lang='lat' dir='ltr'>est</span> <span class='ocrx_word' id='word_1_323' title='bbox 812 3373 923 3427; x_wconf 86' lang='lat' dir='ltr'>‘uellem</span> <span class='ocrx_word' id='word_1_324' title='bbox 941 3381 971 3428; x_wconf 89' lang='lat' dir='ltr'>ut</span> <span class='ocrx_word' id='word_1_325' title='bbox 988 3373 1074 3440; x_wconf 82' lang='lat' dir='ltr'>magis</span> <span class='ocrx_word' id='word_1_326' title='bbox 1088 3373 1201 3428; x_wconf 92' lang='lat' dir='ltr'>timeant</span> <span class='ocrx_word' id='word_1_327' title='bbox 1215 3390 1276 3428; x_wconf 77' lang='lat' dir='ltr'>euin</span> <span class='ocrx_word' id='word_1_328' title='bbox 1289 3375 1314 3428; x_wconf 90' lang='lat' dir='ltr'>si</span> 
     </span>
     <span class='ocr_line' id='line_1_34' title="bbox 136 3438 1313 3509; baseline 0.006 -22"><span class='ocrx_word' id='word_1_329' title='bbox 136 3471 141 3478; x_wconf 78' lang='lat'><em>-</em></span> <span class='ocrx_word' id='word_1_330' title='bbox 171 3438 729 3504; x_wconf 85' lang='lat' dir='ltr'>praecessit,malecumuulidiorepro-</span> <span class='ocrx_word' id='word_1_331' title='bbox 755 3441 858 3508; x_wconf 88' lang='lat' dir='ltr'>quierit</span> <span class='ocrx_word' id='word_1_332' title='bbox 886 3457 968 3509; x_wconf 87' lang='lat' dir='ltr'>quam</span> <span class='ocrx_word' id='word_1_333' title='bbox 998 3456 1058 3494; x_wconf 80' lang='lat' dir='ltr'>euin</span> <span class='ocrx_word' id='word_1_334' title='bbox 1088 3449 1266 3496; x_wconf 89' lang='lat' dir='ltr'>contemnant</span> <span class='ocrx_word' id='word_1_335' title='bbox 1290 3441 1313 3495; x_wconf 92' lang='lat' dir='ltr'>si</span> 
     </span>
     <span class='ocr_line' id='line_1_35' title="bbox 173 3506 1251 3576; baseline 0.005 -19"><span class='ocrx_word' id='word_1_336' title='bbox 173 3508 284 3558; x_wconf 79' lang='grc'><em>11111111</em></span> <span class='ocrx_word' id='word_1_337' title='bbox 297 3521 397 3559; x_wconf 79' lang='lat' dir='ltr'>riornen</span> <span class='ocrx_word' id='word_1_338' title='bbox 410 3506 483 3560; x_wconf 86' lang='lat' dir='ltr'>idern</span> <span class='ocrx_word' id='word_1_339' title='bbox 492 3506 625 3567; x_wconf 74' lang='lat' dir='ltr'>insertur.</span> <span class='ocrx_word' id='word_1_340' title='bbox 648 3507 729 3560; x_wconf 90' lang='lat' dir='ltr'>immo</span> <span class='ocrx_word' id='word_1_341' title='bbox 755 3506 822 3576; x_wconf 90' lang='lat' dir='ltr'>quid</span> <span class='ocrx_word' id='word_1_342' title='bbox 835 3508 1038 3562; x_wconf 80' lang='lat' dir='ltr'>conttnouerit’.</span> <span class='ocrx_word' id='word_1_343' title='bbox 1249 3523 1251 3526; x_wconf 88' lang='grc'><em>·</em></span> 
     </span>
     <span class='ocr_line' id='line_1_36' title="bbox 172 3572 1314 3639; baseline 0.006 -14"><span class='ocrx_word' id='word_1_344' title='bbox 172 3573 199 3626; x_wconf 90' lang='lat' dir='ltr'>in</span> <span class='ocrx_word' id='word_1_345' title='bbox 213 3589 273 3627; x_wconf 82' lang='grc'><em>111111</em></span> <span class='ocrx_word' id='word_1_346' title='bbox 289 3572 417 3627; x_wconf 88' lang='lat' dir='ltr'>iudicium</span> <span class='ocrx_word' id='word_1_347' title='bbox 429 3572 730 3639; x_wconf 80' lang='lat' dir='ltr'>manifestumestleuc</span> <span class='ocrx_word' id='word_1_348' title='bbox 804 3579 836 3624; x_wconf 85' lang='lat'>10</span> <span class='ocrx_word' id='word_1_349' title='bbox 865 3574 980 3629; x_wconf 85' lang='lat' dir='ltr'>alterum</span> <span class='ocrx_word' id='word_1_350' title='bbox 998 3575 1076 3630; x_wconf 80' lang='lat' dir='ltr'>nune</span> <span class='ocrx_word' id='word_1_351' title='bbox 1097 3591 1153 3630; x_wconf 89' lang='lat' dir='ltr'>non</span> <span class='ocrx_word' id='word_1_352' title='bbox 1176 3577 1314 3632; x_wconf 89' lang='lat' dir='ltr'>nouimus.</span> 
     </span>
     <span class='ocr_line' id='line_1_37' title="bbox 172 3640 1314 3711; baseline 0.005 -18"><span class='ocrx_word' id='word_1_353' title='bbox 172 3641 325 3696; x_wconf 72' lang='lat' dir='ltr'>(inerrasse</span> <span class='ocrx_word' id='word_1_354' title='bbox 338 3656 377 3696; x_wconf 80' lang='lat' dir='ltr'>ex</span> <span class='ocrx_word' id='word_1_355' title='bbox 394 3640 535 3707; x_wconf 77' lang='lat' dir='ltr'>inferiore</span> <span class='ocrx_word' id='word_1_356' title='bbox 553 3655 656 3705; x_wconf 86' lang='lat' dir='ltr'>uersu,</span> <span class='ocrx_word' id='word_1_357' title='bbox 676 3657 728 3707; x_wconf 81' lang='lat' dir='ltr'>quo</span> <span class='ocrx_word' id='word_1_358' title='bbox 755 3643 934 3708; x_wconf 85' lang='lat' dir='ltr'>superiorem</span> <span class='ocrx_word' id='word_1_359' title='bbox 944 3658 976 3697; x_wconf 91' lang='lat' dir='ltr'>eo</span> <span class='ocrx_word' id='word_1_360' title='bbox 991 3642 1108 3698; x_wconf 82' lang='lat' dir='ltr'>Caldam</span> <span class='ocrx_word' id='word_1_361' title='bbox 1123 3643 1219 3711; x_wconf 81' lang='lat' dir='ltr'>fuisse</span> <span class='ocrx_word' id='word_1_362' title='bbox 1235 3651 1314 3711; x_wconf 88' lang='lat' dir='ltr'>putet</span> 
     </span>
     <span class='ocr_line' id='line_1_38' title="bbox 172 3708 1310 3777; baseline 0.006 -17"><span class='ocrx_word' id='word_1_363' title='bbox 172 3724 273 3762; x_wconf 88' lang='lat' dir='ltr'>errore</span> <span class='ocrx_word' id='word_1_364' title='bbox 288 3708 400 3777; x_wconf 85' lang='lat' dir='ltr'>luenmt</span> <span class='ocrx_word' id='word_1_365' title='bbox 412 3711 598 3775; x_wconf 89' lang='lat' dir='ltr'>interceptum</span> <span class='ocrx_word' id='word_1_366' title='bbox 611 3715 661 3764; x_wconf 90' lang='lat' dir='ltr'>est.</span> <span class='ocrx_word' id='word_1_367' title='bbox 752 3711 889 3776; x_wconf 92' lang='lat' dir='ltr'>populari</span> <span class='ocrx_word' id='word_1_368' title='bbox 899 3712 1007 3776; x_wconf 82' lang='lat' dir='ltr'>pratia,</span> <span class='ocrx_word' id='word_1_369' title='bbox 1022 3711 1096 3777; x_wconf 81' lang='lat' dir='ltr'>quod</span> <span class='ocrx_word' id='word_1_370' title='bbox 1113 3712 1250 3767; x_wconf 82' lang='lat' dir='ltr'>nobilibus</span> <span class='ocrx_word' id='word_1_371' title='bbox 1264 3728 1310 3767; x_wconf 90' lang='lat' dir='ltr'>us·</span> 
     </span>
     <span class='ocr_line' id='line_1_39' title="bbox 216 3776 1312 3846; baseline 0.009 -21"><span class='ocrx_word' id='word_1_372' title='bbox 216 3781 231 3825; x_wconf 81' lang='grc'>1</span> <span class='ocrx_word' id='word_1_373' title='bbox 249 3784 281 3829; x_wconf 90' lang='lat' dir='ltr'>ut</span> <span class='ocrx_word' id='word_1_374' title='bbox 294 3777 378 3843; x_wconf 75' lang='lat' dir='ltr'>tnagis</span> <span class='ocrx_word' id='word_1_375' title='bbox 393 3777 486 3831; x_wconf 89' lang='lat' dir='ltr'>timent</span> <span class='ocrx_word' id='word_1_376' title='bbox 500 3776 613 3830; x_wconf 89' lang='lat' dir='ltr'>etiamsi</span> <span class='ocrx_word' id='word_1_377' title='bbox 626 3776 730 3845; x_wconf 85' lang='lat' dir='ltr'>quierit</span> <span class='ocrx_word' id='word_1_378' title='bbox 756 3793 920 3844; x_wconf 80' lang='lat' dir='ltr'>perequaque</span> <span class='ocrx_word' id='word_1_379' title='bbox 940 3778 1065 3845; x_wconf 85' lang='lat' dir='ltr'>infestus</span> <span class='ocrx_word' id='word_1_380' title='bbox 1088 3779 1175 3846; x_wconf 74' lang='lat' dir='ltr'>leuem</span> <span class='ocrx_word' id='word_1_381' title='bbox 1197 3780 1312 3835; x_wconf 85' lang='lat' dir='ltr'>tabella·</span> 
     </span>
     <span class='ocr_line' id='line_1_40' title="bbox 173 3843 1313 3914; baseline 0.008 -20"><span class='ocrx_word' id='word_1_382' title='bbox 173 3859 254 3908; x_wconf 70' lang='lat' dir='ltr'>«qoam</span> <span class='ocrx_word' id='word_1_383' title='bbox 279 3851 310 3897; x_wconf 87' lang='lat' dir='ltr'>ut</span> <span class='ocrx_word' id='word_1_384' title='bbox 326 3852 482 3898; x_wconf 85' lang='lat' dir='ltr'>contemnat</span> <span class='ocrx_word' id='word_1_385' title='bbox 500 3843 591 3912; x_wconf 88' lang='lat' dir='ltr'>siquid</span> <span class='ocrx_word' id='word_1_386' title='bbox 609 3860 730 3899; x_wconf 90' lang='lat' dir='ltr'>commo·</span> <span class='ocrx_word' id='word_1_387' title='bbox 756 3847 829 3899; x_wconf 90' lang='lat' dir='ltr'>riam</span> <span class='ocrx_word' id='word_1_388' title='bbox 847 3845 952 3900; x_wconf 87' lang='lat' dir='ltr'>tulerat</span> <span class='ocrx_word' id='word_1_389' title='bbox 969 3846 1103 3901; x_wconf 81' lang='lat' dir='ltr'>tribunus</span> <span class='ocrx_word' id='word_1_390' title='bbox 1120 3847 1214 3914; x_wconf 85' lang='lat' dir='ltr'>plebei</span> <span class='ocrx_word' id='word_1_391' title='bbox 1236 3865 1313 3902; x_wconf 83' lang='lat' dir='ltr'>arena</span> 
     </span>
     <span class='ocr_line' id='line_1_41' title="bbox 175 3909 1312 3970; baseline 0.006 -9"><span class='ocrx_word' id='word_1_392' title='bbox 175 3909 255 3969; x_wconf 77' lang='lat' dir='ltr'>eiecit]</span> <span class='ocrx_word' id='word_1_393' title='bbox 280 3910 350 3965; x_wconf 79' lang='lat' dir='ltr'>daec</span> <span class='ocrx_word' id='word_1_394' title='bbox 367 3914 409 3965; x_wconf 90' lang='lat' dir='ltr'>sie</span> <span class='ocrx_word' id='word_1_395' title='bbox 425 3918 568 3966; x_wconf 88' lang='lat' dir='ltr'>enarrant</span> <span class='ocrx_word' id='word_1_396' title='bbox 591 3919 660 3966; x_wconf 81' lang='lat' dir='ltr'>‘nou</span> <span class='ocrx_word' id='word_1_397' title='bbox 681 3927 729 3966; x_wconf 90' lang='lat' dir='ltr'>ue·</span> <span class='ocrx_word' id='word_1_398' title='bbox 755 3912 993 3968; x_wconf 83' lang='lat' dir='ltr'><em>DCXXXXVII</em></span> <span class='ocrx_word' id='word_1_399' title='bbox 1006 3920 1033 3970; x_wconf 87' lang='lat' dir='ltr'>et</span> <span class='ocrx_word' id='word_1_400' title='bbox 1050 3922 1192 3970; x_wconf 89' lang='lat' dir='ltr'>assecutus</span> <span class='ocrx_word' id='word_1_401' title='bbox 1210 3924 1268 3970; x_wconf 89' lang='lat' dir='ltr'>erat</span> <span class='ocrx_word' id='word_1_402' title='bbox 1286 3917 1312 3969; x_wconf 91' lang='lat' dir='ltr'>iu</span> 
     </span>
     <span class='ocr_line' id='line_1_42' title="bbox 173 3978 1313 4049; baseline 0.006 -20"><span class='ocrx_word' id='word_1_403' title='bbox 173 3978 293 4030; x_wconf 76' lang='lat' dir='ltr'>ceredum</span> <span class='ocrx_word' id='word_1_404' title='bbox 315 3993 349 4031; x_wconf 89' lang='lat' dir='ltr'>ne</span> <span class='ocrx_word' id='word_1_405' title='bbox 370 3980 437 4044; x_wconf 77' lang='lat' dir='ltr'>quiid</span> <span class='ocrx_word' id='word_1_406' title='bbox 459 3980 591 4034; x_wconf 81' lang='lat' dir='ltr'>audiatur</span> <span class='ocrx_word' id='word_1_407' title='bbox 609 3979 730 4034; x_wconf 88' lang='lat' dir='ltr'>Catilina</span> <span class='ocrx_word' id='word_1_408' title='bbox 757 3981 872 4037; x_wconf 92' lang='lat' dir='ltr'>dicendo</span> <span class='ocrx_word' id='word_1_409' title='bbox 886 3981 1004 4049; x_wconf 89' lang='lat' dir='ltr'>aliquam</span> <span class='ocrx_word' id='word_1_410' title='bbox 1017 3982 1232 4037; x_wconf 84' lang='lat' dir='ltr'>mediocritatem</span> <span class='ocrx_word' id='word_1_411' title='bbox 1244 3990 1313 4037; x_wconf 87' lang='lat' dir='ltr'>teste</span> 
     </span>
     <span class='ocr_line' id='line_1_43' title="bbox 173 4045 1313 4117; baseline 0.006 -20"><span class='ocrx_word' id='word_1_412' title='bbox 173 4061 226 4110; x_wconf 85' lang='lat' dir='ltr'>quo</span> <span class='ocrx_word' id='word_1_413' title='bbox 237 4045 414 4099; x_wconf 88' lang='lat' dir='ltr'>consulatum</span> <span class='ocrx_word' id='word_1_414' title='bbox 422 4062 476 4112; x_wconf 81' lang='lat' dir='ltr'>per</span> <span class='ocrx_word' id='word_1_415' title='bbox 484 4047 661 4113; x_wconf 85' lang='lat' dir='ltr'>tarpitiouem</span> <span class='ocrx_word' id='word_1_416' title='bbox 669 4049 729 4102; x_wconf 86' lang='lat' dir='ltr'>adi·</span> <span class='ocrx_word' id='word_1_417' title='bbox 758 4047 893 4104; x_wconf 88' lang='lat' dir='ltr'>Cicerone</span> <span class='ocrx_word' id='word_1_418' title='bbox 906 4049 940 4104; x_wconf 84' lang='lat' dir='ltr'>de</span> <span class='ocrx_word' id='word_1_419' title='bbox 953 4057 1024 4105; x_wconf 91' lang='lat' dir='ltr'>orat.</span> <span class='ocrx_word' id='word_1_420' title='bbox 1038 4049 1055 4105; x_wconf 90' lang='lat'><em>1</em></span> <span class='ocrx_word' id='word_1_421' title='bbox 1069 4047 1092 4117; x_wconf 62' lang='grc' dir='ltr'><strong><em>ἕ</em></strong></span> <span class='ocrx_word' id='word_1_422' title='bbox 1105 4055 1154 4101; x_wconf 89' lang='grc'>117</span> <span class='ocrx_word' id='word_1_423' title='bbox 1170 4053 1219 4117; x_wconf 85' lang='lat' dir='ltr'>qui</span> <span class='ocrx_word' id='word_1_424' title='bbox 1234 4052 1313 4105; x_wconf 85' lang='lat' dir='ltr'>iden-</span> 
     </span>
     <span class='ocr_line' id='line_1_44' title="bbox 172 4114 1312 4183; baseline 0.007 -19"><span class='ocrx_word' id='word_1_425' title='bbox 172 4114 315 4178; x_wconf 85' lang='lat' dir='ltr'>piseatur‚</span> <span class='ocrx_word' id='word_1_426' title='bbox 339 4119 447 4166; x_wconf 80' lang='lat' dir='ltr'>trintum</span> <span class='ocrx_word' id='word_1_427' title='bbox 467 4117 541 4167; x_wconf 90' lang='lat' dir='ltr'>enim</span> <span class='ocrx_word' id='word_1_428' title='bbox 558 4115 641 4170; x_wconf 81' lang='lat' dir='ltr'>abest</span> <span class='ocrx_word' id='word_1_429' title='bbox 658 4121 689 4170; x_wconf 92' lang='lat' dir='ltr'>ut</span> <span class='ocrx_word' id='word_1_430' title='bbox 705 4117 731 4169; x_wconf 92' lang='lat' dir='ltr'>si</span> <span class='ocrx_word' id='word_1_431' title='bbox 756 4118 841 4171; x_wconf 89' lang='lat' dir='ltr'>tidem</span> <span class='ocrx_word' id='word_1_432' title='bbox 853 4132 915 4171; x_wconf 91' lang='lat' dir='ltr'>eum</span> <span class='ocrx_word' id='word_1_433' title='bbox 929 4119 1012 4183; x_wconf 81' lang='lat' dir='ltr'>quasi</span> <span class='ocrx_word' id='word_1_434' title='bbox 1024 4117 1197 4172; x_wconf 73' lang='lat' dir='ltr'>stabilitatem</span> <span class='ocrx_word' id='word_1_435' title='bbox 1210 4133 1312 4172; x_wconf 89' lang='lat' dir='ltr'>consu-</span> 
     </span>
     <span class='ocr_line' id='line_1_45' title="bbox 173 4181 1313 4254; baseline 0.009 -24"><span class='ocrx_word' id='word_1_436' title='bbox 173 4181 242 4246; x_wconf 77' lang='lat' dir='ltr'>qm&#39;d</span> <span class='ocrx_word' id='word_1_437' title='bbox 252 4181 338 4234; x_wconf 82' lang='lat' dir='ltr'>leuius</span> <span class='ocrx_word' id='word_1_438' title='bbox 348 4182 422 4234; x_wconf 74' lang='lat' dir='ltr'>enodi</span> <span class='ocrx_word' id='word_1_439' title='bbox 432 4185 557 4245; x_wconf 86' lang='lat' dir='ltr'>tentarit,</span> <span class='ocrx_word' id='word_1_440' title='bbox 570 4185 728 4237; x_wconf 70' lang='lat' dir='ltr'>(recusatio</span> <span class='ocrx_word' id='word_1_441' title='bbox 756 4184 816 4254; x_wconf 87' lang='lat' dir='ltr'>latu</span> <span class='ocrx_word' id='word_1_442' title='bbox 832 4184 972 4239; x_wconf 80' lang='lat' dir='ltr'>nominem</span> <span class='ocrx_word' id='word_1_443' title='bbox 989 4202 1094 4240; x_wconf 91' lang='lat' dir='ltr'>nouum</span> <span class='ocrx_word' id='word_1_444' title='bbox 1108 4192 1313 4240; x_wconf 86' lang='lat' dir='ltr'>commemorat.</span> 
     </span>
     <span class='ocr_line' id='line_1_46' title="bbox 174 4250 1313 4319; baseline 0.004 -18"><span class='ocrx_word' id='word_1_445' title='bbox 174 4264 236 4302; x_wconf 89' lang='lat' dir='ltr'>nem</span> <span class='ocrx_word' id='word_1_446' title='bbox 249 4253 417 4312; x_wconf 76' lang='lat' dir='ltr'>ciintemnat,</span> <span class='ocrx_word' id='word_1_447' title='bbox 437 4255 467 4302; x_wconf 90' lang='lat' dir='ltr'>ut</span> <span class='ocrx_word' id='word_1_448' title='bbox 483 4252 567 4303; x_wconf 87' lang='lat' dir='ltr'>etiam</span> <span class='ocrx_word' id='word_1_449' title='bbox 585 4252 680 4304; x_wconf 85' lang='lat' dir='ltr'>timeat</span> <span class='ocrx_word' id='word_1_450' title='bbox 695 4266 730 4305; x_wconf 90' lang='lat' dir='ltr'>ne</span> <span class='ocrx_word' id='word_1_451' title='bbox 757 4253 831 4306; x_wconf 89' lang='lat' dir='ltr'>alter</span> <span class='ocrx_word' id='word_1_452' title='bbox 849 4250 931 4307; x_wconf 87' lang='lat' dir='ltr'>Caldi</span> <span class='ocrx_word' id='word_1_453' title='bbox 948 4256 1112 4319; x_wconf 84' lang='lat' dir='ltr'>competitor</span> <span class='ocrx_word' id='word_1_454' title='bbox 1128 4252 1159 4306; x_wconf 81' lang='lat' dir='ltr'>L:</span> <span class='ocrx_word' id='word_1_455' title='bbox 1172 4251 1313 4308; x_wconf 68' lang='lat' dir='ltr'>domitius</span> 
     </span>
     <span class='ocr_line' id='line_1_47' title="bbox 170 4315 1313 4386; baseline 0.007 -19"><span class='ocrx_word' id='word_1_456' title='bbox 170 4323 290 4382; x_wconf 84' lang='lat' dir='ltr'>propter</span> <span class='ocrx_word' id='word_1_457' title='bbox 302 4317 402 4382; x_wconf 82' lang='lat' dir='ltr'>priora</span> <span class='ocrx_word' id='word_1_458' title='bbox 418 4315 499 4383; x_wconf 81' lang='lat' dir='ltr'>sacto</span> <span class='ocrx_word' id='word_1_459' title='bbox 512 4325 678 4382; x_wconf 68' lang='lat' dir='ltr'>(accersatur,</span> <span class='ocrx_word' id='word_1_460' title='bbox 696 4320 729 4372; x_wconf 87' lang='lat' dir='ltr'>li·</span> <span class='ocrx_word' id='word_1_461' title='bbox 757 4319 963 4375; x_wconf 77' lang='lat' dir='ltr'>Aleenolrardus</span> <span class='ocrx_word' id='word_1_462' title='bbox 988 4322 1045 4386; x_wconf 81' lang='lat' dir='ltr'>fnit</span> <span class='ocrx_word' id='word_1_463' title='bbox 1066 4321 1172 4386; x_wconf 76' lang='lat' dir='ltr'>collepa</span> <span class='ocrx_word' id='word_1_464' title='bbox 1196 4323 1258 4375; x_wconf 89' lang='lat' dir='ltr'>eius</span> <span class='ocrx_word' id='word_1_465' title='bbox 1282 4323 1313 4375; x_wconf 89' lang='lat' dir='ltr'>in</span> 
     </span>
     <span class='ocr_line' id='line_1_48' title="bbox 173 4383 1312 4453; baseline 0.006 -17"><span class='ocrx_word' id='word_1_466' title='bbox 173 4391 216 4437; x_wconf 87' lang='lat' dir='ltr'>cet</span> <span class='ocrx_word' id='word_1_467' title='bbox 234 4384 275 4437; x_wconf 90' lang='lat' dir='ltr'>nil</span> <span class='ocrx_word' id='word_1_468' title='bbox 290 4383 402 4438; x_wconf 72' lang='lat' dir='ltr'>irretitus</span> <span class='ocrx_word' id='word_1_469' title='bbox 418 4383 530 4452; x_wconf 77' lang='lat' dir='ltr'>fucrit’.</span> <span class='ocrx_word' id='word_1_470' title='bbox 558 4387 621 4440; x_wconf 88' lang='lat' dir='ltr'>isnc</span> <span class='ocrx_word' id='word_1_471' title='bbox 636 4388 732 4440; x_wconf 89' lang='lat' dir='ltr'>timeat</span> <span class='ocrx_word' id='word_1_472' title='bbox 756 4387 908 4443; x_wconf 83' lang='lat' dir='ltr'>coresulatu</span> <span class='ocrx_word' id='word_1_473' title='bbox 926 4405 950 4441; x_wconf 89' lang='lat' dir='ltr'>a.</span> <span class='ocrx_word' id='word_1_474' title='bbox 968 4387 1079 4442; x_wconf 81' lang='lat' dir='ltr'>DCLX.</span> <span class='ocrx_word' id='word_1_475' title='bbox 1102 4390 1200 4453; x_wconf 80' lang='lat' dir='ltr'>petitio</span> <span class='ocrx_word' id='word_1_476' title='bbox 1216 4387 1266 4442; x_wconf 83' lang='lat' dir='ltr'>illei</span> <span class='ocrx_word' id='word_1_477' title='bbox 1282 4390 1312 4443; x_wconf 89' lang='lat' dir='ltr'>in</span> 
     </span>
    </p>
   </div>
   <div class='ocr_carea' id='block_1_6' title="bbox 224 4477 1111 4572">
    <p class='ocr_par' dir='ltr' id='par_1_7' title="bbox 224 4477 1111 4572">
     <span class='ocr_line' id='line_1_49' title="bbox 224 4477 1111 4572; baseline 0.007 -32"><span class='ocrx_word' id='word_1_478' title='bbox 224 4501 247 4556; x_wconf 71' lang='lat' dir='ltr'>Q.</span> <span class='ocrx_word' id='word_1_479' title='bbox 262 4500 335 4542; x_wconf 77' lang='lat' dir='ltr'>Cicero</span> <span class='ocrx_word' id='word_1_480' title='bbox 350 4501 382 4541; x_wconf 79' lang='lat' dir='ltr'>cd.</span> <span class='ocrx_word' id='word_1_481' title='bbox 397 4501 506 4572; x_wconf 66' lang='lat' dir='ltr'>Bucinum</span> <span class='ocrx_word' id='word_1_482' title='bbox 1093 4477 1111 4537; x_wconf 83' lang='lat'><strong>3</strong></span> 
     </span>
    </p>
   </div>
   <div class='ocr_carea' id='block_1_7' title="bbox 0 0 1494 5010">
    <p class='ocr_par' dir='ltr' id='par_1_8' title="bbox 0 0 1494 5010">
     <span class='ocr_line' id='line_1_50' title="bbox 0 0 1494 5010; baseline 0 0"><span class='ocrx_word' id='word_1_483' title='bbox 0 0 1494 5010; x_wconf 95' lang='lat' dir='ltr'> </span> 
     </span>
    </p>
   </div>
  </div>
 </body>
</html>
