2970 5010
1238 337 1277 402 15

140 506 346 583 sterqnilinnm
378 509 459 584 annal
488 527 566 571 nora
590 510 770 584 plerumque
793 516 996 584 pnrpamenla
1022 513 1137 585 recepit
1159 518 1284 586 praeter

141 615 308 688 opinionem
330 619 461 671 nostram
483 629 542 671 non
565 612 713 684 sufficiat,
742 614 770 671 ei
791 613 918 671 alterum
940 613 1029 671 adire
1051 613 1148 671 licebit
1174 629 1214 671 en
1235 631 1282 671 ne·

140 715 251 775 teribus
264 722 440 799 ‘conpestam
464 717 495 774 in
520 713 672 773 Orellinna
695 698 820 773 editione
839 716 957 788 priore,
981 716 1164 788 marparitas
1185 721 1282 774 autem
1385 771 1394 788 ,

139 817 182 875 ibi
199 816 322 888 frustra
342 819 401 876 erit
420 817 473 890 qui
493 819 678 890 quaesiuerit.
706 816 891 875 eruditarum
913 817 1061 876 bominum
1083 819 1202 876 inventa
1223 826 1283 876 ret-

141 921 196 978 tuli
214 919 429 978 memorabilia.

691 1153 731 1226 n
798 1252 804 1258 ἣ

226 1328 311 1385 Anno
332 1284 720 1386 DCLXXXXVcirciter
741 1327 890 1386 kalendas
911 1328 1007 1386 maias
1032 1343 1073 1386 ecc
1087 1328 1166 1386 Asia
1189 1327 1282 1386 Mar-

139 1413 192 1488 en‘s
220 1445 240 1486 a
270 1422 376 1499 Ouinto
404 1428 508 1499 fratre
535 1430 692 1501 epistulam
724 1435 886 1502 acceperat
911 1431 942 1486 in
970 1445 1030 1501 pua
1057 1432 1106 1488 ille
1133 1435 1166 1488 nl
1187 1431 1301 1488 Attico·
1363 1461 1365 1464 -

137 1534 258 1605 scripsit
277 1530 315 1588 II
338 1537 388 1597 16,
413 1538 432 1586 l
462 1530 502 1587 ita
532 1528 667 1605 deplorat
694 1531 796 1608 primis
825 1528 958 1588 versibus
985 1531 1169 1589 mansionem
1198 1520 1281 1589 suarn

142 1642 174 1691 nt
204 1633 336 1708 quemvis
363 1639 482 1689 movere
511 1631 619 1709 possit,
655 1633 693 1690 ita
723 1648 826 1690 rursus
859 1632 984 1690 remittit
1012 1640 1045 1690 ot
1072 1649 1120 1690 me
1142 1640 1228 1706 roget
1251 1640 1282 1689 ut
1384 1627 1386 1630 ⁴

140 1731 254 1793 annalis
276 1749 345 1791 stans
374 1730 528 1791 emendem
553 1741 582 1791 et
604 1733 697 1792 edam.
749 1734 875 1791 annales
896 1735 989 1804 ipilur
1013 1733 1136 1802 (baiulus
1157 1740 1218 1792 tum
1240 1733 1300 1791 ad-

142 1836 310 1895 nmbilicam
338 1834 525 1894 adducturus
552 1845 635 1903 erat,
663 1835 787 1894 dnnine
807 1840 993 1907 veterumque
1020 1850 1101 1893 more
1124 1843 1281 1909 poetarum

144 1939 288 1996 institutos
309 1924 353 1995 an'
369 1937 504 2011 pedestri
529 1953 663 1996 sermone
691 1939 834 1996 incertum
855 1943 913 2005 est,
937 1938 966 1994 si
985 1936 1103 2010 quidem
1119 1943 1283 2011 ¹utramque

136 2041 309 2123 sententiam
336 2040 465 2097 aliorum
492 2042 638 2115 exemplis
660 2039 807 2114 bominum
833 2040 879 2096 illi
899 2041 992 2096 aelati
1016 2040 1186 2112 aequalium
1213 2040 1280 2096 illu·

136 2149 247 2227 strate!
259 2158 296 2199 nc
314 2143 441 2212 firmare
461 2144 537 2200 licet.
568 2157 638 2198 nam
654 2149 686 2199 ut
701 2140 780 2198 Furi
793 2141 921 2198 Antiatis
942 2142 1069 2198 annales
1087 2142 1280 2226 praetermit-

137 2253 197 2301 tam
226 2246 314 2311 annis
344 2243 387 2299 all
414 2243 620 2316 paladrapinla
648 2243 819 2316 superiores
845 2248 874 2300 et
902 2242 944 2300 al.
970 2242 1119 2317 Ciceronis
1150 2241 1281 2300 Mariam

137 2361 216 2402 anno
245 2344 355 2404 batt
364 2344 437 2412 VII,
473 2345 511 2401 tle
537 2345 695 2402 cottsulalu
728 2358 780 2400 suo
808 2359 916 2416 poema
939 2359 1092 2417 proxumo
1119 2351 1189 2401 arete
1214 2359 1281 2401 eam

135 2447 291 2520 epistulam
314 2462 404 2513 anno,
428 2445 466 2503 de
487 2445 665 2520 temporibus
685 2446 747 2503 suis
768 2461 848 2503 anno
862 2445 958 2503 nata
976 2448 1133 2520 seriptum,
1157 2449 1283 2505 annales

135 2551 223 2606 etiam
242 2546 355 2626 Tetnusi
370 2547 486 2606 Gemini
498 2547 680 2607 uocabantur
696 2548 881 2605 ‘electissimo
894 2548 1026 2620 pessumi
1034 2554 1142 2621 poetae
1153 2550 1280 2622 scripta’
1302 2547 1310 2554 ‘
1345 2550 1354 2575 t

136 2650 237 2707 derisa
260 2667 279 2706 a
303 2649 426 2707 Catullo.
470 2651 695 2713 commentarios
722 2655 820 2707 autem
848 2649 1001 2708 historicos
1027 2649 1208 2709 claritudine
1229 2653 1280 2709 in-

127 2736 229 2823 ¹sipnis
249 2758 303 2810 ant
323 2753 474 2824 elepnntin
496 2750 650 2809 Romanus
672 2759 775 2823 paotus
796 2751 919 2823 quisquc
937 2768 995 2824 per
1015 2753 1079 2809 illos
1094 2767 1189 2810 annos
1202 2751 1280 2810 cbm·

132 2870 244 2928 ponere
265 2850 411 2914 cessauit?
446 2861 545 2913 notum
560 2862 603 2912 est
616 2853 734 2912 anulli
748 2852 888 2910 Hortensi
901 2851 1046 2911 Sisennae
1068 2853 1105 2910 de
1124 2855 1281 2912 narrando
1368 2896 1370 2900 ,

134 2957 208 3015 bello
229 2957 361 3014 Marsico
382 2964 541 3024 certamen,
565 2957 627 3015 noti
646 2957 803 3014 mullorum
826 2957 952 3013 annales
972 2955 1081 3014 eisdem
1104 2956 1282 3030 temporibus

54 3061 58 3066 “
114 3056 265 3129 ¹confecti
285 3065 375 3132 atque
396 3062 484 3117 etiam
501 3058 715 3152 posterioribus
731 3059 862 3123 lectitati,
885 3057 1105 3116 contubernalis
1120 3057 1227 3128 Quinto
1248 3061 1280 3116 in

135 3160 207 3219 Asia
226 3158 291 3232 suit
304 3159 337 3218 t.
358 3159 472 3220 Tubero
487 3161 591 3232 lepntis
605 3162 712 3219 ceteris
726 3159 837 3217 bonore
850 3167 879 3217 et
895 3165 990 3217 aelate
1002 3169 1171 3233 praestans,
1194 3176 1279 3234 quem

135 3261 259 3320 Marcus
282 3265 311 3320 in
333 3265 462 3336 epistula
484 3263 527 3319 all
537 3261 668 3333 fratrem
684 3261 758 3318 data
772 3260 792 3318 I
808 3267 831 3327 l,
850 3267 885 3317 lb
906 3277 987 3319 anno
1000 3261 1282 3320 benammi

134 3363 339 3421 arbitrabatur
365 3381 432 3423 cunt
459 3363 602 3422 scriberet
627 3363 781 3438 ltistmiam
814 3365 919 3422 multos
954 3379 995 3421 en
1026 3366 1088 3423 suis
1119 3364 1279 3424 annalibus

130 3479 217 3538 posse
239 3464 371 3538 delinere
392 3480 465 3538 quos
485 3467 660 3524 imitaretur.
705 3464 898 3539 improbabile
925 3481 993 3522 aero
1015 3481 1074 3524 non
1096 3473 1139 3523 est
1156 3464 1278 3537 frater-

132 3582 191 3624 nae
217 3568 405 3625 auctoritatis
431 3567 592 3626 slntliosam
627 3566 764 3636 Quintum
797 3569 828 3625 in
858 3567 1017 3625 annalibus
1044 3569 1104 3626 illis
1129 3583 1279 3626 exornare
1355 3639 1358 3642 ¹

132 3671 219 3726 etiam
245 3669 348 3728 Marci
375 3669 413 3728 tte
439 3686 473 3728 re
496 3670 619 3744 publico
646 3670 753 3728 merita
780 3669 933 3740 capitasse.
978 3677 1081 3742 postea
1108 3686 1175 3728 eum
1201 3688 1277 3728 rnr-

131 3787 195 3828 snm
217 3771 358 3831 bistoriae
380 3776 502 3847 operam
524 3776 651 3832 natasse
677 3774 708 3829 in
733 3773 855 3829 Gallicis
881 3773 991 3830 castris
1013 3773 1140 3832 Marcus
1165 3776 1277 3847 sipiriti-

132 3875 211 3932 ranil
238 3889 317 3932 anno
348 3874 425 3933 DCC
451 3875 497 3934 llis
523 3876 629 3934 litteris
655 3873 695 3932 II
727 3879 811 3944 tl,3
839 3873 971 3944 (numeri
1000 3882 1070 3933 sunt
1094 3878 1279 3950 exemplaris
1326 3852 1330 3859 ¹

133 3976 319 4050 Baiteriani)
343 3977 441 4035 omnia
464 3976 580 4054 conligo
603 3983 634 4035 ut
657 3977 724 4036 nori
745 3977 875 4037 scribam
899 3978 1007 4057 aliquid
1031 3977 1066 4038 ad
1088 3985 1126 4037 te.
1171 3976 1222 4034 sed
1245 3986 1277 4035 ut

133 4077 223 4146 vides,
248 4095 296 4136 res
319 4095 366 4136 tne
388 4077 454 4155 ipsa
478 4077 574 4137 deficit
596 4080 695 4157 itaque
717 4078 753 4138 ad
777 4073 986 4139 Callisthenem
1010 4089 1039 4140 et
1062 4080 1099 4139 ad
1121 4077 1275 4138 Philistum
1348 4085 1352 4094 ‘
1376 4132 1378 4137 .

132 4179 223 4239 redeo
245 4181 276 4238 in
298 4178 407 4257 quibus
434 4188 464 4238 te
493 4179 574 4240 viden
602 4180 775 4242 volutatum.
820 4189 881 4241 tum
903 4182 941 4241 de
962 4183 1087 4242 Philisto
1107 4188 1190 4240 utros
1205 4180 1276 4239 eius

132 4279 271 4341 ltahtnris
294 4279 395 4348 libros,
419 4280 478 4340 dno
502 4283 578 4341 enirn
602 4291 670 4343 sunt
692 4303 828 4363 corpora,
853 4302 888 4343 an
913 4292 1056 4363 utrosque
1079 4283 1188 4343 nescio.
1227 4301 1275 4342 me

132 4385 224 4466 tnagis
253 4383 290 4444 de
312 4383 450 4466 dionysio
476 4383 617 4453 delectat,
648 4387 711 4467 ipse
740 4395 784 4447 est
812 4387 889 4448 enirn
921 4393 1065 4462 veterator
1094 4402 1217 4468 magnus
1246 4395 1275 4448 et
