2970 5010
345 517 449 572 femina
465 518 542 571 nulla
559 518 633 572 bonu
652 521 702 585 esi,
720 518 765 572 vel
783 518 805 571 si
823 518 897 572 bono
915 517 1034 586 contigit
1051 519 1113 583 ulli,

395 600 489 656 neseio
508 618 562 669 quo
581 602 639 656 foto
657 619 701 656 res
719 602 794 656 mola
812 605 887 657 foeta
904 603 979 658 hona
997 604 1047 656 esi.

142 728 197 786 Ieoc
219 726 408 786 tetrastichon
431 727 462 784 in
486 728 607 800 antiquo
628 725 773 787 Simeonis
795 726 871 787 Bosi
894 727 970 786 lilro
995 726 1094 799 fuisse
1121 730 1199 785 inter
1224 728 1287 786 alia

143 828 292 902 quaedam
314 829 429 887 Ausoni
449 834 477 885 et
498 829 626 886 oliorum
649 837 778 888 aeterum
801 831 938 888 carmina
960 844 1015 887 nec
1035 826 1173 887 inoluisse
1194 829 1286 886 aliurn

141 931 256 988 titulum
278 945 367 1004 quam
389 931 482 987 solum
504 929 584 988 Itunc
600 928 818 988 CICERONIS
837 928 960 1007 Binetus
982 931 1128 998 narrarit,
1153 929 1290 988 Ciceroni

140 1023 232 1091 trioni
251 1033 282 1090 in
305 1040 401 1090 uetere
415 1030 633 1103 Iletlorutorum
654 1033 824 1105 ecenptori
837 1033 985 1099 Pitieoeus,
1009 1034 1039 1089 in
1061 1033 1161 1091 multis
1183 1034 1285 1090 ueteri·

141 1133 194 1191 lus
215 1133 364 1192 codicibus
386 1133 522 1192 adtribui
543 1133 680 1192 Ciceroni
700 1133 844 1206 Scaliper.
881 1140 911 1192 et
931 1133 974 1191 od
990 1133 1129 1204 Quintum
1146 1149 1287 1193 maxume

142 1235 310 1294 Ciceronem
332 1232 490 1305 referendi
509 1235 653 1294 carminis
674 1235 754 1294 leone
768 1235 880 1294 eruditi
892 1235 1023 1294 leomines
1036 1251 1174 1294 caussam
1190 1235 1286 1295 leube—

141 1337 212 1394 eant
238 1335 319 1408 quod
342 1351 452 1408 praees
481 1337 529 1394 illi
555 1335 742 1410 diutinosque
774 1352 840 1395 eum
868 1337 1032 1412 Pomponia
1065 1352 1159 1396 urore
1188 1336 1286 1409 fuisse

140 1437 309 1497 discordias
329 1444 544 1511 compererant.
589 1438 731 1496 Ieariolotr'
751 1445 848 1496 eutem
876 1440 932 1498 alii
951 1453 1023 1512 quos
1044 1439 1075 1496 in
1093 1437 1287 1512 praefatione

140 1539 273 1598 Petroni
280 1555 311 1613 p.
333 1537 534 1597 XXXVIIII
554 1539 688 1599 indicaui
707 1555 774 1599 cum
797 1541 936 1599 Petronio
957 1556 1060 1599 uersus
1082 1546 1136 1599 aut
1155 1541 1284 1600 Ausonio

139 1649 192 1699 out
212 1641 381 1716 Porphyrio
402 1642 625 1714 adsipnussent‚
653 1647 734 1700 recte
755 1644 862 1715 opinor
883 1642 1001 1702 codices
1022 1648 1137 1700 secutus
1159 1640 1283 1712 Sulmo-

139 1745 257 1802 sianum
287 1743 460 1801 Vossianum
488 1741 663 1802 Iluaneum
691 1743 833 1818 Meyerus
860 1743 943 1802 dedit
963 1743 1117 1803 Pentadio.
1162 1743 1284 1803 Cicero-
1364 1737 1368 1741 ’

139 1848 185 1905 nis
207 1860 312 1903 nomen
334 1845 458 1917 quadiu
473 1842 577 1903 Bineti
590 1843 759 1918 Pilleoeique
773 1844 849 1903 libro
866 1843 929 1916 suit
943 1847 1116 1920 impositum,
1140 1845 1174 1904 id
1186 1847 1285 1904 nescio

139 1963 180 2004 on
201 1947 291 2005 liceat
311 1948 435 2005 alterius
456 1948 592 2021 exemplo
612 1947 754 2005 carminis
772 1945 889 2018 sactum
912 1948 1013 2006 dicere
1034 1947 1114 2021 quod
1134 1949 1200 2006 item
1216 1946 1282 2005 Au—

139 2050 204 2106 soni
226 2049 410 2120 aliorumque
428 2051 573 2122 poematis
599 2049 781 2106 interiectum
808 2064 916 2122 reapse
940 2046 1041 2118 Quinti
1062 2048 1210 2108 Ciceronis
1231 2055 1281 2108 est.

139 2166 209 2208 nam
237 2151 268 2207 in
303 2151 444 2208 Vossiana
470 2150 572 2209 codice
598 2156 716 2223 optumo
750 2155 812 2206 Ili*
827 2148 903 2221 solio
930 2157 1037 2225 quarto
1064 2166 1149 2210 uerso
1172 2150 1285 2210 Aesoni

138 2253 274 2327 idqllium
302 2250 387 2309 XIX
412 2252 563 2323 (editionis
590 2251 773 2326 Bipontinoe
792 2268 823 2324 p.
849 2255 918 2326 221)
946 2251 995 2310 liic
1022 2255 1155 2325 sequitur
1181 2255 1283 2312 titulus

140 2353 286 2424 QUINTI
320 2350 537 2411 CICERONIS
566 2351 618 2411 HI
650 2351 809 2412 UEBSVS
843 2351 896 2411 EO
928 2352 1168 2413 PERTINENT
1195 2353 1250 2414 or
1277 2352 1280 2435 l

140 2455 225 2525 Quod
249 2456 365 2533 signum
388 2472 446 2532 quo
468 2462 602 2533 tempore
624 2453 750 2514 inlustre
766 2455 804 2513 sii
820 2453 994 2514 nouerimus
1013 2453 1018 2533 Ι
1038 2453 1122 2525 Quod
1145 2455 1282 2534 superius

139 2573 256 2634 quoque
286 2557 396 2615 nostris
423 2555 559 2616 uersibus
587 2555 757 2634 expeditus,
787 2556 896 2615 deinde
922 2557 960 2615 de
985 2556 1112 2626 zodiaca
1132 2557 1282 2631 siqnisque

138 2659 311 2722 caelestibus
338 2643 445 2732 poema
478 2657 684 2734 imperfectum
717 2658 798 2732 quad
825 2660 855 2716 in
884 2659 1060 2731 antlolopiis
1086 2657 1282 2718 Burmannus

144 2764 170 2822 t'
193 2768 231 2829 dt
252 2766 281 2819 et
301 2759 441 2835 Meqerns
462 2777 491 2818 n.
509 2768 547 2820 ot
568 2761 738 2829 ediderunt,
761 2775 815 2834 eqo
838 2758 961 2831 Alfredi
980 2759 1106 2819 Halderi
1127 2760 1281 2833 diliqentio

138 2880 205 2924 cum
233 2863 376 2922 Vossiano
404 2862 500 2921 denuo
526 2865 667 2941 collatum
689 2863 795 2937 repetii
812 2878 892 2937 pone
908 2864 1192 2935 commentariolum.
1229 2878 1280 2920 ne·
1331 2932 1334 2937 ⁵

138 2983 194 3039 que
214 2967 292 3024 enim
314 2965 346 3022 in
368 2964 463 3022 annis
484 2966 641 3039 quicquum
663 2965 815 3038 reperitur
836 2964 917 3037 quod
934 2969 1072 3039 apertum
1094 2967 1174 3024 testis
1194 2967 1280 3022 locu-

134 3070 222 3141 pletis
240 3066 331 3138 fidem
353 3067 493 3137 infirmet,
522 3082 618 3139 neque
640 3067 670 3124 in
693 3073 881 3138 arpumento‚
911 3067 1031 3139 quanda
1053 3066 1171 3141 quidem
1194 3067 1283 3125 Arati

134 3172 327 3243 poeticumque
349 3169 563 3226 astronomicam
582 3166 757 3241 frequentes
778 3167 891 3226 Romae
913 3170 1042 3228 cultores
1064 3168 1202 3227 Caesaris
1220 3183 1280 3242 po·

136 3273 277 3330 tissimum
307 3267 520 3343 Octauiamque
547 3268 725 3343 temporibus
752 3272 878 3328 euellere
906 3275 995 3343 atque
1022 3272 1170 3331 aemulum
1192 3271 1280 3328 leuius

135 3371 236 3432 laudis
260 3370 382 3441 Ouinius
403 3372 499 3446 ipsum
517 3369 650 3442 fratrem
672 3370 787 3440 naluit,
818 3388 912 3445 neque
939 3373 969 3430 in
992 3374 1051 3431 ullo
1073 3371 1200 3445 denique
1220 3388 1279 3431 eu-

136 3480 241 3534 traneo
263 3474 382 3533 indicio.
419 3487 556 3532 mancum
578 3489 648 3532 uero
666 3488 773 3547 poema
795 3476 879 3534 utin
901 3490 958 3547 qua
973 3473 1126 3533 incoletur
1140 3475 1279 3532 'siderum

136 3577 297 3651 descriptio
323 3574 361 3633 ol
389 3580 473 3635 arcto
501 3581 530 3632 et
553 3581 689 3650 serpente
716 3581 746 3634 et
772 3577 996 3651 arctopleqlaee,
1031 3577 1095 3635 alia
1122 3575 1280 3634 addantur

136 3679 233 3745 nulla,
262 3691 320 3735 non
348 3681 408 3734 tam
437 3676 562 3746 Quintus
589 3679 742 3750 reliquisse
769 3678 885 3737 uidetur
906 3693 997 3752 quum
1024 3679 1134 3737 elector
1161 3679 1225 3743 ille,
1254 3678 1281 3734 si

136 3777 290 3851 Scoliqero
304 3778 463 3845 credimus,
487 3780 550 3852 ipse
564 3779 721 3846 Ausonius,
740 3795 826 3852 quem
840 3782 1006 3854 praecipue
1021 3778 1175 3838 duodecim
1190 3781 1278 3852 siqua

131 3896 191 3954 per
219 3896 296 3953 quae
321 3882 366 3938 sol
387 3896 520 3938 annuum
541 3896 661 3939 cursum
683 3881 801 3943 conticit
822 3897 889 3940 cum
910 3895 964 3939 suo
991 3881 1127 3954 quodque
1149 3888 1279 3955 tempore

137 3981 340 4040 demonstrare
362 3984 487 4041 uoluisse
508 3997 574 4041 cum
596 3997 636 4039 eu
657 3983 700 4040 eis
721 3981 853 4041 uersibus
875 3982 980 4055 quibus
1002 3983 1095 4040 index
1115 3987 1160 4041 est
1170 3999 1202 4056 p.
1222 3988 1279 4039 232

135 4081 206 4157 Bip.
231 4083 262 4140 in
285 4100 344 4160 quo
367 4100 468 4142 mense
492 4081 569 4160 quod
592 4083 708 4160 signum
732 4081 826 4142 situl
850 4099 970 4142 cursum
1001 4080 1071 4143 solis
1099 4090 1160 4142 tum
1188 4086 1277 4143 etiam

135 4201 176 4244 eu
202 4188 284 4244 titillo
312 4201 407 4259 supra
434 4187 546 4265 scripto
573 4187 761 4258 intelleqitur.
806 4193 934 4244 ceterum
963 4169 1127 4246 memoratu
1155 4186 1277 4259 dipnum

20 4304 23 4313 ·
135 4293 179 4344 est
200 4286 369 4361 opiscilus
392 4285 529 4355 Quintum
552 4286 714 4346 deduxisse
734 4289 888 4355 circulum,
912 4303 970 4346 non
993 4288 1030 4346 ab
1052 4291 1196 4348 arietent
1211 4289 1277 4362 ple-

134 4402 241 4463 rosque
261 4391 422 4461 ostrolopas
443 4396 497 4447 out
517 4407 536 4447 o
557 4405 669 4449 cunero
691 4397 723 4450 ut
746 4391 880 4450 Aratum.
