2970 5010
229 305 269 368 m
394 331 471 359 1.
1271 272 1305 330 ¹*

227 479 359 547 afferret,
383 493 507 552 cumque
529 479 578 536 itte
604 479 717 537 nuttam
738 479 869 552 reperiri
887 494 974 552 posse
1001 482 1061 535 tarn
1090 476 1255 551 improbum
1277 477 1369 536 ciuem

227 578 383 661 dixerit§
407 587 442 638 12
454 581 514 656 apri
538 577 686 648 velituno
718 579 857 656 suffragiu
880 578 953 638 duas
975 579 1005 637 in
1036 596 1098 637 rem
1122 575 1270 659 publicam
1293 578 1370 636 sicas

227 683 427 758 destringere,
456 682 505 741 dic
527 682 645 741 adiecta
668 681 720 742 Cn.
744 683 862 742 Pisonis
888 682 1032 739 mentione
1054 698 1087 755 p.
1116 687 1190 750 944,
1214 686 1250 738 39
1277 681 1371 738 matos

227 787 305 846 ciues
325 785 538 857 sipuiticaaerit
559 778 607 861 qui
639 790 850 861 posteaquam
880 779 931 840 iilo
955 783 1051 841 conati
1075 788 1160 841 erant
1181 780 1369 859 Hispaniensi

230 884 412 964 pugiunculo
428 903 534 945 nervos
550 884 682 944 incidere
697 884 802 943 civium
820 901 1009 943 romanarum
1026 901 1086 942 nrm
1110 889 1280 962 potuerunt,
1295 881 1369 942 duas

229 1006 287 1047 iano
304 995 438 1065 tempore
461 993 607 1047 conantur
629 987 657 1046 in
682 985 910 1064 rempublicam
933 986 1009 1044 sicas
1032 984 1231 1063 destringere,
1256 992 1369 1044 tanturn

229 1091 310 1149 athesi
332 1096 363 1148 ut
384 1090 516 1150 mirabili
536 1092 723 1163 inaeniorum
745 1105 888 1148 consensu
909 1105 1003 1162 aeque
1017 1096 1173 1161 utrumque
1188 1090 1218 1147 in
1238 1088 1370 1160 facetias

227 1194 283 1251 tias
300 1192 439 1252 incidisse
453 1192 585 1264 credam,
601 1199 635 1250 nt
649 1191 788 1250 Marcum
804 1191 878 1250 midi
891 1197 1003 1251 constet
1016 1191 1177 1251 adscivisse
1198 1190 1256 1250 sidi
1270 1189 1371 1260 Quinti

226 1297 346 1355 iuuenta
368 1295 521 1366 uerbisque
546 1295 659 1368 partim
685 1295 868 1354 circumcisis
881 1297 1006 1368 partim
1033 1294 1223 1378 amplificatis
1243 1297 1369 1351 mutasse

227 1399 258 1455 in
273 1399 385 1456 metius.
430 1390 518 1469 atpuc
538 1398 627 1454 etiam
649 1395 704 1455 doc
725 1399 853 1456 caussae
874 1396 968 1470 fuisse
989 1396 1141 1468 suspicari
1161 1393 1274 1470 iicebit,
1302 1409 1368 1452 cum

226 1515 312 1558 suam
334 1498 460 1558 Marcus
482 1499 642 1557 orationem
657 1499 854 1572 eootpandam
868 1506 998 1565 curaret,
1021 1513 1077 1556 cnr
1089 1495 1202 1568 fratris
1216 1511 1366 1555 commen-

225 1603 367 1661 tariolum
388 1615 447 1659 non
469 1601 537 1659 item
556 1601 708 1685 prolatum
730 1619 746 1659 e
768 1602 895 1674 capsula
916 1600 1056 1658 ediderit.
1191 1600 1194 1607 “

309 1703 414 1762 Postea
439 1702 539 1774 Quinti
553 1683 655 1762 ‘tidetto
676 1703 750 1776 quid
767 1701 884 1774 sactum
906 1704 952 1778 sit,
975 1703 1113 1774 quoniam
1129 1716 1213 1759 nemo
1227 1716 1368 1774 umquam

225 1805 264 1863 dc
285 1821 319 1864 eo
340 1807 584 1881 commemorarit,
605 1820 716 1880 parum
737 1805 928 1878 exploratam
946 1809 998 1862 est.
1028 1803 1154 1862 Marcus
1176 1802 1294 1879 quidem
1307 1818 1368 1876 par

219 1908 297 1982 puri
307 1907 533 1982 quodammodo
544 1908 656 1966 rettulit
667 1908 758 1964 missa
774 1905 817 1964 ad
828 1903 1029 1977 fratremcui
1039 1906 1142 1963 tertius
1153 1920 1251 1963 annus
1267 1893 1366 1962 acces·

227 2015 310 2068 serat
328 2002 524 2084 provincialis
546 2009 824 2076 administrationis,
848 2009 997 2066 insistam
1018 2023 1099 2067 anno
1114 2005 1372 2066 DOLXXXXIV

205 2130 207 2134 ’
226 2113 353 2188 epistula
363 2114 531 2186 praeclaro
546 2111 568 2170 I
582 2119 597 2169 t
611 2127 689 2184 quae
710 2126 778 2169 cum
792 2113 946 2183 inponere
967 2110 1117 2168 scribendi
1134 2114 1260 2184 propter
1272 2123 1368 2181 prac-

226 2219 379 2288 ceptorum
402 2214 439 2281 de
463 2214 584 2288 pudtico
611 2212 712 2285 officio
738 2213 955 2286 multitudinem
980 2228 1129 2288 proxume
1156 2212 1199 2270 nd
1218 2228 1367 2272 commen-

228 2317 367 2376 tariotum
389 2315 444 2376 doc
466 2316 592 2376 accedat
612 2333 671 2375 non
694 2317 870 2391 discrepans
891 2317 951 2375 nisi
969 2333 1003 2376 eo
1017 2317 1098 2391 qaod
1118 2319 1174 2376 soti
1195 2317 1301 2388 Quinto
1321 2323 1367 2380 tit-

226 2427 307 2479 teras
328 2435 399 2479 sirus
422 2418 549 2479 Murcus
571 2419 782 2490 destinauerat,
805 2427 865 2478 tum
887 2420 1007 2492 sinputa
1021 2419 1108 2479 dadet
1123 2421 1275 2480 adsimitia
1291 2425 1369 2482 octat

225 2521 268 2581 idi
289 2537 367 2596 qaue
388 2524 528 2594 tepuntnr
548 2517 572 2602 ᾗ
594 2527 632 2578 37
660 2521 900 2599 ncnsuscipiam
925 2528 957 2580 ut
980 2538 1055 2598 quae
1078 2521 1114 2580 de
1133 2523 1285 2583 iracundia
1309 2524 1367 2584 dici

131 2643 136 2654 ·
225 2620 323 2682 solent
349 2642 365 2683 a
394 2621 583 2682 doctissumis
610 2620 782 2682 hominihus
811 2640 848 2682 ea
872 2640 951 2682 num
982 2622 1034 2682 tibi
1058 2641 1222 2702 exponam,
1246 2645 1317 2687 cum
1338 2634 1367 2686 ct

226 2723 315 2783 nimis
337 2722 445 2801 longus
468 2741 534 2784 esse
556 2722 646 2783 nolim
671 2732 756 2783 etex
780 2721 941 2784 multorum
965 2726 1084 2802 scriptis
1107 2743 1140 2786 ca
1164 2725 1248 2788 iaciic
1271 2729 1367 2806 possis

227 2842 424 2902 cognoscere,
459 2823 532 2885 iilud
561 2827 640 2904 quud
665 2833 710 2885 est
737 2823 880 2904 epistulae
909 2828 1079 2905 proprium,
1108 2836 1140 2887 ut
1162 2830 1196 2887 is'v
1213 2829 1249 2888 ad
1279 2847 1366 2906 quiem

227 2925 370 2986 scribitur
386 2927 422 2985 dc
446 2928 488 2986 eis
511 2926 601 2988 rebus
624 2945 696 3004 quas
717 2928 835 3004 ignorat
856 2929 966 2987 certior
987 2929 1046 2997 fiat,
1070 2930 1366 3007 praetermittendum

226 3046 290 3088 csse
320 3046 379 3088 non
408 3036 478 3106 puto
506 3015 667 3105 admodum
693 3033 853 3090 concinunt
879 3046 946 3089 cum
975 3031 1075 3102 Quinti
1098 3036 1245 3093 sententia
1270 3031 1294 3114 ἕ
1322 3040 1366 3092 39.

226 3147 327 3190 oerum
349 3137 420 3190 tunc
440 3131 632 3190 recordatum
646 3149 709 3190 esse
724 3131 864 3193 Marcum
879 3128 997 3206 suisque
1012 3135 1140 3207 tetipisse
1162 3135 1257 3195 cerdis
1271 3137 1367 3210 ipsam

225 3232 306 3292 dane
319 3235 484 3307 ,epistulam
511 3233 549 3292 de
571 3235 714 3307 petitione
741 3234 858 3302 datam,
888 3252 965 3308 quoe
989 3234 1157 3311 Tydemani
1178 3236 1243 3307 suit
1268 3239 1368 3311 opinio

165 3399 167 3403 ,
223 3351 254 3409 p.
281 3341 332 3407 20,
349 3351 386 3393 ne
408 3336 460 3393 itta
482 3336 601 3408 cuidem
613 3333 779 3417 prodant§
794 3343 833 3395 43
848 3344 880 3396 ut
901 3335 1122 3415 amplissumnm
1138 3354 1247 3398 nomen
1263 3335 1367 3398 consc-

226 3453 400 3516 queromur,
430 3454 507 3497 rinus
535 3444 655 3516 praeter
683 3445 798 3498 eeteros
821 3437 957 3498 adiuvisti
984 3454 1042 3498 non
1074 3446 1136 3499 tarn
1158 3440 1368 3515 adpetitionis

225 3555 315 3613 qaam
347 3538 391 3596 ad
419 3541 590 3598 consulatus
617 3550 729 3616 tempus
756 3541 935 3615 spectantia,
971 3540 1080 3600 nedum
1108 3542 1303 3612 tortoriticam
1331 3541 1368 3598 de

225 3641 395 3714 tonpissima
417 3657 535 3714 quaque
558 3641 660 3711 Quinti
679 3644 807 3716 epistula
834 3642 1025 3702 testimonium
1046 3638 1071 3720 ἕ
1094 3649 1134 3698 45
1156 3642 1313 3714 quiequam
1336 3643 1367 3699 in

224 3744 284 3801 dac
306 3743 477 3815 quaestione
501 3741 602 3814 saciat
629 3746 773 3803 momenti.
806 3737 986 3802 ⁴renouatum
1012 3747 1111 3800 autem
1138 3745 1367 3801 commentario-

224 3846 285 3902 tam
306 3859 323 3902 e
345 3844 473 3903 tenebris
495 3847 526 3903 in
548 3847 643 3909 iucem
658 3846 826 3919 editumque
847 3859 910 3902 esse
930 3857 965 3901 eo
987 3842 1104 3900 demum
1127 3847 1258 3916 tempore
1279 3845 1366 3903 aide-

224 3951 274 4004 tur
295 3960 352 4018 quo
371 3955 437 4020 post
465 3947 638 4019 interfectos
657 3946 777 4018 fratres
796 3945 897 4004 Marci
917 3945 1033 4004 scrinia
1055 3945 1252 4018 epistularum
1275 3948 1371 4020 recepi

222 4047 428 4122 paulatimque
449 4048 565 4109 Romue
593 4049 728 4122 disperpi
749 4064 807 4122 per
828 4048 1016 4120 exemplaria
1038 4052 1206 4120 coeperant.
1251 4065 1312 4121 pua
1334 4066 1368 4107 re

222 4148 341 4221 factum
363 4155 406 4208 est
426 4156 458 4209 ut
478 4157 507 4210 et
530 4151 633 4208 Marci
652 4150 771 4223 scriptis
793 4150 957 4208 immixtum
976 4155 1005 4208 ct
1019 4149 1192 4208 adiunctum
1212 4151 1276 4208 cius
1299 4152 1368 4224 epi-

133 4231 137 4237 *
224 4253 308 4313 stalis
337 4251 381 4310 ad
400 4266 454 4310 nos
475 4267 567 4326 usquc
586 4252 764 4326 perueniret.
810 4266 915 4327 nempe
943 4251 1123 4310 orationibus
1147 4250 1296 4314 Ciceronis
1317 4253 1370 4324 qui
