2970 5010
1263 332 1292 416 5.

140 508 178 566 de
199 507 282 566 istius
301 505 443 582 petitione
464 505 569 572 mittat,
594 507 635 563 ita
657 505 815 564 emendari
833 521 866 565 se
887 507 959 565 aelle
981 511 1013 566 ut
1038 503 1210 582 perfectum
1226 522 1281 583 pe·

139 610 247 668 titionis
268 608 540 668 commentariolum
562 598 674 666 existat
697 608 776 682 (58).
1020 680 1022 685 ,

224 711 275 771 Eu
297 711 355 768 boc
376 710 612 770 commentarioli
636 724 751 768 summa
777 725 901 784 operam
928 706 1046 768 dedisse
1075 708 1212 779 Quintum
1235 711 1280 769 in·

139 815 287 886 tellepitur
308 818 340 871 ut
360 813 459 870 omnia
482 827 542 870 uno
564 812 595 869 in
617 818 776 884 conspectu
794 817 920 885 poneret
934 826 1129 887 quaecunque
1148 809 1281 882 fratrem

139 915 330 989 inpetitione
345 916 468 989 possent
488 913 645 972 adiuuare.
676 929 771 986 neque
791 913 866 972 mibi
885 912 1004 970 dubium
1026 918 1069 970 est
1090 914 1162 985 auin
1179 930 1281 988 prop-

138 1023 221 1077 terea
241 1032 382 1077 maxume
408 1016 563 1074 consilium
591 1016 648 1074 boc
676 1017 792 1090 ceperit.
814 1015 896 1089 quod
922 1019 982 1074 tum
1010 1013 1123 1073 Romae
1149 1015 1281 1075 nomines

137 1123 249 1192 quanto
275 1134 390 1178 summo
411 1123 558 1192 poterant
585 1117 740 1176 ambitione
768 1117 947 1176 contendere
973 1118 1179 1190 mapistratum
1206 1119 1279 1176 sole·

138 1221 221 1280 bant.
266 1218 438 1280 immodicos
459 1219 537 1277 enim
559 1219 680 1278 uitiosae
701 1221 763 1300 cius
785 1220 903 1278 uirtutis
925 1224 1032 1278 auctus
1046 1219 1211 1277 clarissime
1226 1219 1280 1278 boc
1373 1201 1378 1213 ’

137 1338 229 1382 unum
251 1327 375 1381 testatur
403 1319 484 1394 quad
509 1321 573 1380 alio
592 1321 725 1379 ciuitatis
752 1336 899 1380 romanae
925 1327 1023 1379 aetate
1050 1321 1133 1378 nullo
1160 1326 1202 1379 tot
1229 1326 1282 1379 aut

134 1423 241 1495 factae
261 1428 331 1484 sunt
352 1430 405 1481 aut
420 1408 595 1499 propositae
617 1423 654 1480 de
670 1437 771 1499 poena
794 1422 919 1482 ambitus
941 1423 1124 1481 intendenda
1145 1423 1279 1508 minuen-

137 1527 214 1585 daue
235 1526 312 1600 lepes
337 1527 469 1585 senatioe
495 1525 638 1591 consulto,
666 1530 736 1599 quot
756 1525 837 1583 intra
860 1523 938 1590 iliad
964 1525 1192 1598 quinquennium
1220 1540 1280 1598 quo

136 1636 263 1687 exeunte
283 1627 332 1686 bic
353 1627 468 1686 libellus
489 1627 619 1701 scriptus
639 1631 692 1685 est.
728 1641 797 1685 nam
813 1625 984 1685 utbreviter
1005 1627 1189 1700 complectar
1204 1643 1282 1699 quoe

134 1729 236 1800 fusius
257 1745 323 1787 cum
346 1729 402 1787 olii
422 1733 481 1787 tum
503 1727 535 1786 S.
552 1727 590 1786 H.
608 1725 722 1786 Rinlecs
743 1728 774 1785 in
798 1728 998 1802 disputatione
1020 1727 1058 1784 de
1078 1728 1203 1786 crimine
1217 1743 1280 1785 am-

136 1831 213 1890 bitus
234 1830 316 1889 editu
337 1829 480 1902 Lupduui
500 1845 529 1888 a.
555 1835 635 1886 1854
654 1845 686 1903 p.
711 1834 748 1886 90
762 1845 799 1887 ss.
823 1843 998 1903 exposuere,
1015 1829 1223 1904 promulpnuit
1243 1829 1280 1887 de

136 1932 247 1991 ambitu
268 1933 360 2005 leae-m
376 1946 456 1990 anno
469 1929 647 1989 ocem
654 1929 714 1988 VII
735 1931 766 1989 C.
783 1929 936 1990 Cornelias
957 1930 1092 1989 tribunus
1111 1932 1287 2005 popularis„

133 2035 258 2108 pertulit
277 2043 363 2093 suam
386 2033 418 2091 C.
443 2032 624 2109 Calpurnius
645 2031 714 2091 Piso
735 2029 839 2092 consul
859 2033 961 2091 eodem
983 2048 1071 2091 anno.
1112 2033 1280 2107 Calpurnia

135 2137 355 2210 lene-accusati
379 2143 448 2195 sunt
476 2134 509 2206 Q.
536 2135 651 2194 Callius
678 2136 732 2208 qul
751 2140 932 2209 praeturam
955 2136 1086 2209 petierat
1113 2137 1144 2196 in
1167 2151 1278 2194 annum

135 2237 314 2297 CCLXXX
319 2237 417 2297 VIIII
440 2239 564 2311 iniitque
592 2236 735 2308 defensus
763 2254 783 2295 a
811 2238 966 2306 Cicerone,
1001 2243 1030 2295 et
1060 2237 1094 2296 P.
1125 2237 1280 2299 Cornelius

111 2342 222 2400 'Sulla
244 2341 277 2398 P.
302 2340 463 2399 Autronius
485 2340 594 2398 Pastas
615 2340 752 2397 consules
773 2340 804 2396 in
832 2339 958 2398 eundem
988 2354 1100 2397 armum
1129 2342 1282 2414 desipnnti

135 2445 187 2516 qui
207 2442 333 2500 ambitus
353 2441 490 2500 damnati
509 2456 568 2499 non
591 2441 732 2499 inierunt.
777 2456 858 2501 anno
880 2439 1161 2500 CCLXXXVIIII
1175 2443 1279 2503 Cicero

135 2546 165 2603 in
188 2544 321 2601 oratione
339 2558 399 2618 pro
423 2541 557 2600 Cornelio
578 2540 680 2600 babila
703 2559 800 2617 nuper
817 2541 936 2615 factum
959 2559 1022 2601 esse
1043 2545 1141 2602 senati
1160 2547 1277 2604 consul-

135 2652 195 2704 tum
219 2645 298 2704 discit
324 2644 362 2703 de
387 2645 452 2717 lene
481 2643 649 2718 Calpurnia
676 2646 728 2702 cui
753 2645 959 2725 deroporetur.
1011 2650 1045 2703 ut
1071 2645 1278 2706 additamenta

136 2748 182 2806 uel
201 2748 405 2822 supplementa
429 2744 614 2820 Calpurniae
632 2743 731 2816 fuisso
753 2746 894 2805 uidentur
915 2749 965 2804 lec
987 2747 1087 2805 Fabia
1113 2763 1193 2819 quoe
1214 2757 1280 2806 erat

135 2849 172 2908 de
194 2863 317 2909 numero
337 2846 527 2916 sectatorum,
550 2853 579 2906 et
599 2849 698 2922 senati
715 2839 879 2909 consultum
903 2865 922 2908 a
943 2847 977 2906 L.
1003 2847 1132 2907 Caesare
1158 2853 1279 2910 consule

134 2953 210 3010 anni
230 2949 439 3009 CCLXXXX
453 2950 572 3023 sactum
595 2950 633 3008 de
655 2951 820 3010 tenuiorum
842 2951 873 3008 in
895 2950 1074 3027 candidatos
1097 2950 1215 3024 officiis.
1245 2967 1279 3010 eo
1387 2992 1392 3001 ·

134 3061 266 3129 tempore
292 3055 323 3112 in
349 3054 494 3127 petitione
523 3051 675 3112 Ciceronis
702 3053 822 3111 licentio
849 3051 974 3112 ambitus
1006 3054 1037 3111 in
1066 3053 1129 3112 dies
1151 3059 1279 3129 propter

135 3155 280 3214 Catilinae
301 3163 329 3212 et
350 3142 461 3214 Antoni
481 3154 643 3214 audaciam
666 3155 890 3227 inpraoescente
911 3161 1032 3214 senatus
1052 3157 1168 3214 censuit
1180 3163 1213 3216 ut
1227 3159 1278 3216 teu

133 3257 259 3317 ambitus
281 3262 372 3316 aucta
393 3258 483 3315 etium
502 3271 601 3330 poena
619 3255 770 3327 ferretur,
793 3257 846 3317 cui
864 3258 912 3314 rei
926 3264 1003 3316 'cum
1029 3255 1058 3327 O.
1082 3257 1205 3318 Mucius
1226 3259 1277 3317 tri-

133 3359 229 3418 bunus
250 3359 468 3436 intercessisset,
492 3358 595 3418 Cicero
614 3359 748 3432 prutiam
770 3358 841 3418 buic
862 3363 951 3432 atque
965 3341 1203 3434 competitoribus
1216 3361 1278 3418 suis
1299 3348 1305 3359 ’

132 3460 374 3520 contumeliosam
395 3459 534 3534 rependit
560 3461 591 3518 in
614 3462 748 3519 oratione
769 3459 984 3520 candidatoria
1012 3467 1082 3519 ante
1104 3461 1167 3520 dies
1189 3463 1277 3520 comi-

132 3563 240 3621 tiorum
267 3575 394 3637 paucos.
439 3561 567 3636 denique
599 3563 704 3620 consul
734 3576 817 3620 anno
844 3560 1073 3620 DCLXXXXI
1103 3563 1206 3622 Cicero
1236 3581 1276 3624 cu

88 3659 90 3663 ’
132 3665 232 3722 senati
251 3663 371 3722 decreto
397 3664 492 3736 lepem
505 3661 553 3720 'de
580 3662 694 3721 ambita
716 3660 847 3721 Tulliam
874 3665 940 3722 tulit
966 3679 1025 3736 quo
1052 3671 1081 3722 et
1102 3664 1276 3736 definiretur

135 3763 301 3840 Calpurnia
324 3766 497 3824 accuratius
517 3770 546 3823 et
567 3764 739 3824 damnosius
759 3763 892 3824 sontibus
913 3767 1092 3826 sanciretur.
1131 3765 1190 3826 bac
1204 3768 1276 3850 lepe

132 3867 185 3940 qui
205 3873 364 3925 accusatus
385 3873 429 3925 est
449 3869 590 3926 continuo
611 3866 644 3925 L.
667 3867 815 3926 Licinium
830 3865 994 3926 Murenam
1016 3868 1079 3942 ipse
1100 3870 1175 3942 lepis
1196 3872 1276 3928 lator

133 3965 278 4038 defendit.
303 3950 408 4042 ¹itaque
430 3970 557 4028 ambitus
579 3969 661 4041 quod
681 3968 732 4026 illo
754 3973 884 4043 tempore
898 3967 1274 4044 uehementissime-flama·

132 4069 192 4147 bat,
215 4070 304 4128 etium
316 4067 417 4141 fratri
430 4086 507 4143 quoe
522 4072 553 4129 in
569 4070 727 4129 ambitione
745 4075 800 4128 aut
813 4076 845 4129 ut
866 4071 931 4146 ipse
951 4071 1110 4131 modestius
1133 4072 1220 4138 dixit,
1242 4074 1273 4130 in
1328 4050 1335 4066 .

128 4171 271 4245 petitione
293 4172 413 4243 apenda
441 4179 537 4230 essent
559 4162 683 4242 Quintus
698 4172 912 4246 praescribere
934 4175 1121 4249 propositum
1148 4173 1276 4232 babebat

132 4273 174 4330 ita
202 4279 236 4330 ut
261 4274 407 4346 quicquid
426 4259 487 4348 per
518 4263 599 4347 tepbs
624 4275 728 4333 liceret
748 4281 937 4349 pertonaret,
966 4291 1023 4334 non
1052 4277 1196 4334 omitteret
1217 4277 1296 4343 nisi⁸

132 4375 219 4434 uetita
230 4357 432 4452 supplicioque
443 4375 547 4450 diano.
560 4362 744 4452 quapropter
753 4377 809 4435 etsi
818 4378 947 4454 imperat
953 4377 1061 4437 Marco
1071 4383 1104 4436 ut
1114 4383 1275 4452 capnoscat
