2970 5010
101 438 103 441 .
184 379 226 443 36
500 377 503 380 ’
586 393 708 454 ovium
731 393 915 442 crosnours

186 553 403 611 arnicorum‘in
425 553 567 629 petitione
590 551 675 611 tatius
698 559 777 629 patet
799 570 887 631 quam
910 551 938 610 in
963 557 1060 610 cetera
1085 552 1149 610 rita.
1194 552 1329 630 quisquis
1384 577 1388 582 ·

187 669 231 721 est
254 663 331 721 enim
356 663 406 739 qni
429 661 564 722 ostendat
585 661 693 740 aliquid
717 663 746 722 in
770 670 799 721 te
823 661 993 730 voiuntatiS,
1019 661 1069 738 qui
1092 659 1178 729 eolat,
1203 662 1252 738 qui
1275 660 1327 719 do-

185 791 265 832 mum
288 773 423 841 ventilet,
448 773 472 832 is
494 773 657 832 amicornm
685 775 716 831 in
740 790 865 831 numero
888 778 933 831 est
954 771 1117 831 habendus.
1163 779 1207 831 set
1229 777 1328 830 tamen

185 883 235 962 qui
264 884 333 943 sunt
359 883 446 942 amici
475 901 510 941 ex
538 899 625 942 causa
655 883 778 942 iustiore
812 883 997 958 cognationis
1024 889 1075 940 aut
1103 881 1250 940 aitinitalis
1278 888 1330 941 eut

159 1071 162 1076 ι
184 992 347 1053 sodalitatis
370 999 420 1052 aut
442 992 566 1052 alicuius
589 991 828 1059 necessitudinis,
853 992 878 1052 is
901 1010 1003 1052 carum
1026 1000 1055 1051 et
1077 991 1238 1051 iucundum
1263 1002 1355 1051 esso5

135 1114 166 1161 17
184 1105 313 1164 maxime
334 1102 465 1181 prodest.
511 1101 618 1162 deinde
645 1110 678 1161 nt
707 1104 830 1181 quisque
860 1109 905 1161 cst
927 1103 1048 1162 intimus
1071 1121 1104 1162 ac
1127 1102 1254 1160 maxime
1277 1099 1329 1160 do-

185 1215 343 1282 mesticus,
374 1220 407 1272 ut
433 1215 458 1272 is
487 1213 573 1272 etiam
602 1231 689 1291 quarn
717 1199 932 1291 amplissimum
962 1230 1028 1271 esse
1051 1220 1079 1270 te
1102 1211 1216 1289 cupiat,
1246 1209 1329 1270 vaide

186 1299 398 1385 elaborandum
421 1329 479 1389 est:
503 1328 565 1382 tum
588 1328 621 1381 ut
642 1304 775 1390 tribules,
799 1328 832 1381 nt
853 1323 956 1390 vieini,
979 1330 1011 1380 ut
1034 1321 1165 1395 clientes
1190 1329 1223 1380 ut
1245 1320 1328 1380 deni·

185 1451 243 1510 que
264 1432 379 1502 liberti,
402 1439 554 1510 postremo
578 1433 664 1504 etiam
687 1433 844 1500 servitui,
873 1449 942 1491 nam
966 1430 1028 1491 iere
1051 1432 1148 1510 omnis
1170 1449 1268 1491 sermo
1291 1431 1327 1490 ad

136 1553 167 1602 18
184 1544 333 1603 lorensem
362 1519 469 1603 lamam
499 1561 515 1602 a
543 1541 713 1603 domesticis
736 1551 853 1603 emanat
881 1541 1061 1602 auctoribus.
1106 1541 1367 1618 deniquesunt10
1398 1557 1401 1568 ’

253 1767 266 1813 1
279 1763 418 1830 peticione
433 1761 436 1827 Ι
455 1766 470 1812 2
483 1762 543 1827 quis
555 1763 684 1815 ostendat
700 1762 703 1828 Ι
719 1761 888 1827 3ueuditetl
907 1764 935 1812 in
954 1765 1085 1814 omissam:
1104 1771 1162 1813 ante
1179 1763 1328 1812 amicorum

184 1832 248 1882 Itali
265 1834 399 1894 addidere,
416 1839 476 1895 past
493 1834 556 1881 iliud
572 1832 707 1896 Kapserus
731 1829 735 1895 Ι
763 1833 964 1896 tcognitionis
989 1831 992 1895 Ι
1022 1831 1099 1882 ohis
1127 1829 1130 1895 Ι
1157 1827 1328 1896 iocundum!

185 1901 303 2032 iiiiii
312 1915 403 2016 Blasio
423 1898 620 1963 amplissimum
632 1901 743 1963 scripsi:
763 1903 837 1949 amet
849 1900 918 1963 quod
933 1898 1130 1964 amplissimum
1147 1897 1150 1962 Ι
1166 1901 1182 1950 8
1196 1914 1258 1949 esse
1271 1903 1328 1948 lum

340 1982 387 2018 em
1192 1991 1199 1996 ·

218 2172 222 2179 ’
253 2172 358 2221 eisin
377 2172 525 2222 amicorum
542 2186 656 2222 numero
674 2172 698 2220 L
715 2169 718 2235 Ι
742 2171 885 2221 habendus
904 2175 946 2220 est
968 2173 995 2220 V
1007 2171 1010 2235 Ι
1029 2173 1046 2220 4
1063 2170 1222 2220 honestiore
1241 2172 1264 2220 L
1281 2173 1330 2221 sed

186 2240 324 2304 questoris
342 2257 393 2288 una
410 2256 464 2289 cunr
480 2242 567 2302 plesse
583 2239 733 2289 honestiori
753 2242 788 2289 38
811 2239 950 2304 questiore
972 2239 1000 2288 V
1015 2240 1157 2303 questione
1179 2239 1202 2287 Τ
1223 2239 1227 2303 Ι
1251 2241 1314 2288 bet

184 2309 237 2356 hac
256 2311 438 2358 l3638117
464 2304 468 2371 Ι
495 2309 571 2357 best
588 2323 635 2357 om.
654 2309 678 2356 L
694 2315 802 2371 praeter
821 2311 856 2356 36
873 2311 906 2355 58
930 2305 933 2370 Ι
963 2307 1081 2370 optimus
1099 2307 1123 2355 L
1140 2313 1247 2370 praeter
1265 2309 1298 2354 50

185 2377 200 2425 7
219 2377 242 2424 is
261 2380 334 2432 amet
353 2376 467 2440 quisque
485 2375 675 2425 fidelissimum
695 2391 755 2424 csse
775 2380 802 2424 te
821 2376 917 2438 cupiat:
930 2376 953 2423 L
970 2377 1020 2423 nisi
1036 2376 1104 2439 quod
1123 2377 1139 2424 3
1158 2390 1218 2424 esse
1237 2377 1329 2437 arrisit,

184 2447 217 2492 50
236 2447 310 2492 amet
329 2448 357 2492 et
376 2459 456 2508 quam
475 2443 670 2506 amplissimum
687 2443 833 2492 substituit:
853 2443 978 2491 ‘intimus
998 2458 1031 2491 ae
1048 2442 1165 2491 maxime
1182 2444 1220 2491 sic
1236 2441 1330 2490 babeat
1422 2493 1435 2503 ἢ

186 2514 235 2561 duo
253 2512 314 2561 libri
328 2513 496 2575 manuscripti
512 2517 538 2560 et
554 2513 592 2560 ita
609 2513 765 2560 emendatam
783 2519 821 2560 est
843 2513 870 2558 in
892 2511 979 2560 codice
997 2509 1108 2559 Memmii
1130 2516 1155 2558 et
1175 2511 1241 2560 Adr.
1264 2510 1328 2558 Tar-

184 2581 243 2629 nebi
256 2587 283 2628 et
299 2581 414 2644 Leodep.
434 2578 536 2638 Querni.
560 2581 587 2628 in
604 2581 698 2628 eisdem
714 2579 787 2628 tibris
804 2579 959 2628 emendatum
977 2580 1052 2627 etiam
1069 2585 1108 2626 cst
1127 2583 1154 2626 et
1172 2593 1252 2641 quam
1272 2593 1328 2626 am-

182 2647 335 2711 plissimum
354 2662 415 2698 asse
433 2647 580 2710 locupiat'
598 2648 734 2696 Lambinus
758 2643 761 2710 Ι
785 2643 871 2710 8eet]
891 2650 957 2710 puto
976 2647 1118 2709 Lpraetcr
1135 2648 1169 2694 48
1186 2648 1219 2694 43
1241 2643 1244 2708 Ι
1271 2650 1328 2693 tum

184 2732 230 2764 am.
249 2719 258 2765 i
276 2718 294 2764 3
313 2718 348 2766 36
366 2718 401 2765 38
419 2717 453 2763 47
470 2717 588 2764 117127
611 2712 614 2778 Ι
645 2717 660 2765 9
678 2715 752 2764 serui
769 2711 821 2779 tui]
846 2713 965 2763 seruitus
983 2714 1007 2761 L
1025 2720 1131 2777 praeter
1149 2715 1183 2762 48
1201 2715 1234 2762 49
1252 2716 1285 2762 56
1303 2721 1329 2762 ct

185 2785 228 2848 qui
245 2783 392 2834 seruitutes
409 2783 502 2833 babent
521 2785 608 2833 3127
626 2779 630 2846 Ι
645 2784 676 2833 10
694 2782 794 2832 deinde
812 2785 821 2832 l
840 2785 874 2832 38
892 2785 925 2830 47
943 2784 993 2830 117
1011 2783 1131 2830 122124
1149 2783 1199 2829 126

229 3009 244 3052 7
267 3010 298 3057 ut
315 3001 337 3056 is
360 3009 433 3057 amet
456 3009 483 3056 et
503 3017 585 3070 quam
610 3000 745 3069 amplissi-
772 3003 924 3065 taramici,
938 3002 1033 3055 eiiam
1047 2999 1327 3068 nonopusestMar-

185 3087 260 3124 inum
273 3085 333 3124 csse
346 3069 744 3138 teouptanaataecaotpaa-
770 3085 803 3124 co
820 3069 969 3124 elaboratu
991 3076 1021 3123 at
1044 3085 1075 3124 se
1097 3074 1203 3131 ament,
1228 3069 1330 3122 intanti

187 3145 236 3192 tar
248 3137 408 3192 consimilia
420 3137 560 3205 epistulae
572 3137 748 3193 BrutinaeI
770 3139 845 3192 enim
862 3153 897 3191 ac
914 3152 1047 3191 mascrime
1070 3137 1217 3191 domestici
1239 3139 1287 3202 qui
1310 3155 1327 3189 a

173 3247 175 3250 ,
187 3211 229 3269 11,
242 3210 258 3255 2
271 3205 385 3272 proprie
397 3204 624 3274 familiariterque
637 3215 664 3260 te
674 3220 743 3271 rogo
771 3207 945 3260 necessariis
969 3221 1005 3258 ac
1019 3205 1139 3272 famulis
1156 3205 1327 3258 discernan-

186 3281 218 3327 ut
229 3273 353 3327 Veterem
365 3289 438 3328 ames
451 3272 578 3341 uelisque
588 3289 649 3328 esse
661 3289 743 3341 quam
770 3279 827 3337 tar,
840 3289 956 3339 ecquam
969 3272 1054 3326 aliam
1067 3273 1100 3326 ob
1112 3288 1246 3327 caussam
1261 3277 1329 3326 sunt

187 3339 393 3408 amplissimum,
407 3357 463 3394 non
474 3342 624 3396 dissimilia
636 3343 743 3406 epista—
770 3357 805 3394 ac
818 3346 960 3395 uocantur
972 3357 1055 3406 quam
1067 3341 1142 3406 quod
1151 3346 1264 3394 amant?
1278 3354 1327 3393 ne·-

187 3409 232 3462 tne
244 3409 351 3464 Antoni
362 3410 401 3463 ad
411 3408 580 3465 Ciceronem
586 3411 617 3462 in
626 3409 743 3462 Atticia·
770 3423 823 3474 que
835 3410 923 3473 ipitar
935 3410 1076 3463 sententia
1085 3413 1197 3463 canstat
1207 3409 1264 3461 riisi
1274 3407 1329 3461 bac

187 3479 233 3531 nis
246 3477 278 3530 X
286 3481 303 3527 8
315 3478 368 3530 Aa
385 3477 434 3544 qui
451 3485 479 3531 te
492 3477 544 3532 etsi
561 3493 617 3531 non
635 3475 743 3538 amabit,
770 3477 914 3531 adiciatur
935 3478 1090 3530 minumum
1111 3483 1142 3530 ut
1164 3476 1187 3529 is
1210 3483 1282 3530 arisel
1300 3483 1328 3528 tc

188 3544 666 3612 tamensaluumamplissimumque
682 3560 744 3598 csse
771 3561 877 3598 summo
903 3560 994 3610 opere.
1034 3544 1086 3598 sed
1108 3545 1206 3598 otiosis
1232 3542 1328 3596 uerbis

187 3613 287 3678 eripiet.
319 3627 420 3666 ueram
432 3619 573 3678 repupnat
587 3627 745 3678 pronomen
770 3627 842 3678 aune
859 3612 1034 3678 compleatur
1050 3611 1183 3666 lacunam
1204 3626 1254 3676 epo
1271 3615 1328 3664 stu·

183 3695 278 3745 praue
296 3679 477 3742 collocatum,
500 3681 575 3745 qaod
591 3679 623 3733 K
622 3695 744 3745 apseras
771 3687 851 3733 tuere
864 3679 939 3733 nolo.
958 3682 1040 3733 immo
1052 3681 1081 3733 in
1092 3677 1328 3744 arebetppob'bro

187 3749 374 3801 concinnitati
412 3749 552 3802 sermonis
591 3749 745 3802 consulens
769 3747 864 3815 fuisse
877 3749 979 3812 opinor
998 3755 1027 3801 ut
1043 3746 1066 3799 is
1085 3754 1112 3801 et
1128 3747 1203 3814 quoii
1217 3745 1328 3812 amplis·

187 3816 327 3880 demptum
337 3814 489 3869 eciausula
499 3817 641 3870 enuntiati
649 3822 744 3870 trans·
771 3814 881 3874 sim‘urn.
900 3822 958 3868 tum
974 3815 1149 3880 adscriptam
1173 3831 1228 3880 qun
1243 3812 1327 3880 quoti

188 3881 251 3936 tulit
270 3889 336 3948 post
356 3891 434 3937 amet.
472 3898 636 3949 repapnare
660 3885 743 3937 etiam
771 3882 973 3936 emendaretur
985 3899 1027 3936 anx
1037 3882 1183 3947 syllabam,
1197 3881 1264 3935 inde
1276 3896 1328 3934 na-

187 3952 357 4003 sententiam
369 3952 510 4005 existimo.
533 3967 598 4005 nam
610 3952 744 4016 inprime
771 3955 827 4003 tam
845 3949 1044 4004 Beraiinensis
1061 3950 1168 4004 codicis
1185 3949 1327 4014 depraua—

185 4032 292 4083 ,aenere
310 4019 424 4083 copnati
440 4018 551 4085 adfines
567 4017 680 4073 sodales
698 4019 745 4072 de·
771 4019 882 4071 tionem.
902 4016 998 4072 Italici
1010 4023 1103 4072 autem
1116 4020 1199 4071 eliam
1211 4016 1328 4083 foedius

187 4086 272 4150 reique
283 4100 379 4139 omnes
389 4086 535 4140 ducuntur
544 4088 593 4152 qni
597 4088 652 4140 etsi
661 4087 747 4139 amici
770 4087 912 4150 inquinati
922 4086 994 4140 baec
1004 4085 1069 4152 sere
1082 4099 1179 4139 omnes
1189 4083 1329 4150 praebeat

187 4159 256 4206 sant
268 4167 375 4207 caussa
387 4154 544 4207 iustissima
557 4155 745 4207 necessitudi-
772 4160 804 4207 ut
816 4153 838 4206 is
852 4161 924 4207 uniet
935 4154 1054 4221 quisque
1066 4151 1254 4206 tidelissimum
1267 4167 1328 4205 esse

184 4223 244 4285 nis,
258 4237 314 4276 asa
327 4228 420 4274 tamen
437 4222 516 4274 uenit
532 4226 650 4287 propter
667 4223 744 4286 inpe-
773 4227 800 4274 te
818 4221 918 4288 cupiat.
951 4222 1041 4274 cidem
1058 4222 1088 4273 in
1103 4221 1256 4286 proaeumis
1274 4218 1328 4272 ela-

187 4290 302 4343 nicrum
318 4289 526 4343 dissensionem
543 4295 593 4342 aut
610 4290 686 4342 uitae
699 4305 746 4342 ra·
761 4286 923 4343 boramlum
942 4296 1019 4356 pulo,
1036 4290 1220 4359 interpretati
1234 4289 1328 4356 infini-

188 4358 290 4410 tionem
307 4356 453 4410 diuersam
470 4361 501 4410 ut
524 4358 618 4410 minas
642 4363 744 4410 ament.
772 4358 861 4410 tiaran
874 4374 892 4410 a
905 4356 1090 4410 Bcrolinensi
1101 4362 1248 4410 retentum.

187 4424 313 4479 secundo
331 4428 424 4478 autem
441 4424 501 4478 loco
522 4426 571 4490 qui
586 4439 744 4478 manseran-
