2970 5010
428 386 757 436 couuauusmonvu
779 387 978 436 PETITIONIS
1235 372 1275 436 47

134 546 193 626 quo
216 548 344 607 amicitia
368 564 433 607 csse
456 567 515 606 aion
538 554 645 626 potest.
692 564 787 626 neque
809 544 839 603 id
863 552 961 604 tamen
991 547 1062 605 sotis
1086 553 1137 614 est,
1163 546 1277 605 tametsi
1295 547 1327 594 32

134 676 274 735 inagnum
304 664 362 724 est,
392 663 436 716 set
463 659 596 734 sequitur
623 652 691 735 spes
713 655 847 716 utilitatis
870 663 956 733 atquc
979 654 1139 722 amicitiae,
1163 672 1201 713 ne
1223 672 1276 712 no·

134 765 298 827 menclator
326 765 421 827 solum
450 775 495 827 set
522 767 632 826 amicus
656 768 743 825 ctiam
766 764 863 823 botius
887 782 950 823 esse
967 741 1112 852 xvideare.¹
1147 765 1186 823 ita
1210 782 1277 823 cum

135 882 164 936 ct
184 875 240 935 bos
262 875 354 954 ipsos,
385 884 508 954 propter
536 895 617 936 suam
647 874 838 935 ambitionem
868 875 918 952 qui
947 873 1024 952 apud
1054 871 1180 933 tribules
1208 891 1278 934 suos

134 984 294 1064 plurimum
316 986 410 1063 gratia
432 993 566 1064 possunt,
590 985 738 1045 studiosos
760 986 791 1043 in
813 984 955 1043 centuriis
977 981 1117 1053 babebis,
1146 991 1176 1044 et
1198 991 1276 1044 cete·

93 1081 97 1089 „
133 1113 183 1154 ros
205 1096 255 1174 qui
277 1095 353 1174 apud
378 1094 503 1172 aliquam
527 1103 642 1175 partem
664 1094 808 1154 tribulum
836 1102 959 1172 propter
987 1094 1140 1172 municipii
1162 1100 1214 1154 aut
1235 1093 1276 1152 vi·
1355 1157 1362 1167 ,,
1429 1170 1437 1191 Ι

134 1207 261 1266 ciuitatis
283 1213 333 1265 aut
355 1204 472 1282 collegii
494 1209 640 1266 rationem
664 1204 775 1274 valent,
792 1204 928 1284 ,cupidos
952 1205 992 1263 tui
1014 1205 1216 1272 constitueris
1245 1207 1275 1263 in

133 1316 242 1394 optima
266 1334 318 1394 spe
342 1334 406 1376 esse
429 1314 560 1374 debebis.
611 1318 668 1375 iam
698 1317 831 1394 equitum
863 1315 1014 1374 centuriae
1042 1313 1134 1374 multo
1162 1313 1277 1373 facilius
1294 1331 1326 1378 33

133 1425 206 1484 mibi
229 1424 380 1502 diligentia
402 1444 490 1504 posse
514 1427 609 1485 teneri
632 1410 777 1486 videntur.
822 1425 952 1503 primum
981 1442 1128 1502 cognosce
1152 1425 1274 1503 equites

201 1613 214 1660 l
235 1610 363 1661 amicicia
384 1609 387 1676 Ι
407 1614 422 1660 a
442 1611 586 1660 amiciciae
604 1627 639 1659 ne
659 1605 860 1675 nomenclatori
888 1613 904 1660 5
921 1610 1044 1674 possint:
1064 1613 1220 1660 emendatam
1238 1617 1275 1660 est

131 1687 190 1744 post
207 1679 354 1728 Lambinum
380 1684 384 1745 Ι
411 1682 426 1728 6
444 1681 600 1728 uicinitatis
622 1679 770 1727 Turnebus:
788 1679 914 1727 ciuitatis
934 1679 938 1741 Ι
958 1681 974 1728 9
994 1693 1130 1743 cognosce
1150 1678 1276 1730 Oreliius:

133 1762 263 1812 cognosco
357 1782 361 1788 ,

201 1919 215 1966 1
235 1915 300 1981 quo]
321 1919 382 1982 quis
399 1922 442 1965 aut
462 1916 537 1980 queis
555 1917 579 1964 L
595 1924 704 1979 praeter
722 1919 755 1965 50
773 1915 872 1979 quibus
895 1917 920 1965 V
944 1915 948 1978 Ι
975 1916 1058 1966 2sed
1076 1920 1106 1965 ut
1123 1931 1275 1981 consequa·

133 1989 176 2034 tui·
193 1987 217 2034 L
236 1987 260 2034 si
278 2001 333 2033 non
351 1989 534 2048 consequatur
552 1987 561 2032 t
578 1987 611 2032 50
630 1987 634 2046 Ι
661 1985 869 2033 nomenculator
891 1985 917 2033 V
931 1988 940 2033 l
959 1989 993 2034 36
1012 1988 1046 2034 38
1063 2001 1142 2049 naarp.
1162 1985 1207 2036 el’.
1227 2000 1275 2033 no·

133 2051 264 2102 miculu’l
281 2056 331 2101 117
357 2050 361 2116 Ι
387 2053 528 2116 §possint
545 2051 569 2098 L
596 2055 599 2116 l
626 2053 668 2100 tui
685 2060 744 2101 ante
762 2051 902 2101 studiosos
919 2053 979 2101 add.
999 2055 1057 2101 150
1080 2053 1127 2117 lii
1144 2052 1274 2102 tribulum

133 2124 207 2170 etium
225 2122 233 2169 i
252 2124 268 2169 3
288 2123 322 2169 36
341 2125 375 2170 33
393 2119 493 2184 12719
512 2120 699 2184 cognoscendi
716 2125 781 2168 sunt
799 2119 904 2184 equites
922 2120 946 2167 L

60 2331 65 2340 ·
133 2313 168 2368 ab
195 2312 343 2367 bonestatc
373 2314 577 2379 turpitudinem
606 2328 689 2378 quam
715 2314 770 2366 etsi
785 2313 816 2366 in
838 2313 952 2367 caussis
970 2313 1139 2368 eccellentis
1162 2315 1279 2381 pratiae¹

132 2382 238 2436 eisdem
255 2388 403 2447 utramque
420 2383 575 2435 immisceri
586 2380 688 2434 mallet.
712 2382 808 2445 prima
818 2380 939 2434 babetur
951 2378 972 2448 p'
985 2386 1024 2443 18,
1038 2389 1131 2436 tarmen
1145 2398 1202 2435 aon
1215 2398 1273 2436 arta

177 2454 194 2499 4
212 2455 277 2503 ante
294 2458 411 2516 propter
427 2450 618 2517 distinctionis
640 2464 688 2502 no·
716 2464 750 2501 ac
762 2448 824 2502 sola
836 2464 943 2503 caussa
954 2449 1021 2514 fuit.
1046 2450 1175 2504 adducar
1186 2452 1274 2515 ipitur

85 2544 89 2557 ν
132 2524 189 2571 tam
204 2518 384 2583 Tydemanus
394 2519 490 2583 posuit
503 2517 690 2571 commentari
715 2521 746 2569 at
774 2516 913 2570 uocabula
942 2517 1014 2571 mate
1038 2518 1175 2571 collocata
1199 2533 1271 2583 quac

128 2603 158 2652 p.
171 2589 204 2635 49
213 2591 357 2651 praeunte
366 2585 501 2639 Lumbino
511 2586 559 2650 qui
570 2587 600 2637 in
612 2584 689 2638 bunc
715 2586 901 2638 concinnitati
916 2587 1054 2639 orationis
1071 2587 1165 2640 minas
1178 2587 1270 2639 inscr-

131 2655 223 2708 tocum
235 2668 275 2708 aa:
286 2654 427 2719 inferiora
443 2668 600 2717 pronomen
613 2652 686 2705 reta·
715 2654 796 2705 aiant
806 2669 888 2717 quarn
898 2653 1098 2719 officiant,buc
1107 2653 1197 2707 inluta
1208 2668 1270 2707 esse

132 2723 221 2776 tiaram
234 2722 417 2775 traduxerat.
439 2736 539 2775 ueram
553 2720 692 2773 audacior
717 2721 850 2785 suspicer
867 2720 901 2773 ab
917 2721 1029 2775 bomine
1047 2721 1196 2775 recordata
1213 2722 1271 2775 dis-

131 2791 188 2844 ista
206 2791 335 2843 traiectio
360 2788 514 2843 uerborum
538 2804 595 2842 raca
619 2789 691 2841 satis
715 2790 889 2852 punctionem
902 2787 1165 2855 superioremque.

132 2873 263 2924 rnapnum
271 2873 325 2923 pro
336 2858 487 2911 retardata
496 2857 691 2910 enuntiatione
762 2861 777 2903 tt
796 2857 826 2908 in
842 2858 1011 2910 centuriatis
1033 2858 1153 2910 comitiis
1176 2856 1273 2922 qualia

130 2926 245 2991 pondus
265 2925 428 2997 trabentium
456 2925 520 2978 licet
544 2924 690 2978 rhetorum
716 2929 775 2976 tum
787 2930 872 2977 crassi
884 2931 1006 2990 apparet
1022 2931 1071 2978 aaut
1089 2926 1200 2978 omnino
1216 2940 1273 2978 non

132 3008 239 3059 pueros
264 2995 432 3057 condeceat,
457 3000 551 3046 tamen
578 2994 608 3044 in
636 2992 689 3046 boc
714 2993 809 3057 inisse
826 2998 875 3046 aut
892 2999 968 3046 certe
993 3008 1050 3045 nora
1068 2993 1194 3046 cecinisse
1217 2994 1274 3046 nisi

133 3061 231 3126 Quinti
241 3061 334 3115 libello
348 3077 404 3114 ison
416 3063 516 3115 inueni
533 3076 586 3126 quo
598 3075 687 3113 eaca—
715 3060 870 3124 discriptas
881 3061 911 3112 in
921 3059 1042 3113 XXXV
1052 3061 1143 3114 tribas
1156 3067 1183 3114 et
1194 3062 1272 3126 euui-

63 3130 66 3135 '
132 3136 249 3183 caretur
282 3129 420 3194 exemplo.
461 3130 562 3194 quippe
595 3129 688 3192 inepte
715 3133 773 3180 tum
791 3130 950 3188 centurias,
970 3129 1045 3182 alias
1062 3131 1136 3182 enim
1149 3127 1272 3193 Quintus

131 3196 221 3262 Hoffn
244 3195 264 3263 ἕ
290 3202 327 3247 33
356 3194 627 3250 adulescentulorum
656 3194 689 3248 ad
715 3195 817 3259 dipnas
835 3211 891 3248 nora
907 3196 1004 3249 babuit
1021 3211 1092 3261 quas
1109 3211 1273 3250 commemo·

132 3265 276 3319 amicitiam
294 3273 367 3319 actas
385 3264 543 3329 adiungitur
564 3263 688 3316 aduoca-
715 3268 803 3316 raret.
831 3263 905 3317 idem
921 3265 1028 3328 equites
1044 3264 1108 3318 illos
1126 3271 1153 3318 ct
1162 3279 1273 3330 paucos

132 3335 180 3395 uit,
193 3335 286 3398 inepte
294 3330 314 3400 ἕ
322 3337 355 3383 30
368 3331 458 3385 locum
470 3331 561 3384 ltaliae
571 3345 688 3397 nequem
713 3329 809 3395 fuisse
821 3337 943 3384 testatur
959 3338 985 3384 et
998 3331 1228 3385 adulescentulos
1246 3337 1274 3386 et

132 3416 193 3454 esse
205 3401 310 3468 patiare
322 3406 348 3453 ct
361 3402 443 3465 siqua
465 3399 523 3452 alia
535 3405 603 3452 sunt
613 3401 688 3452 cins-
715 3401 856 3463 equestris
873 3400 984 3452 ordinis
1001 3400 1128 3452 addictos
1146 3402 1271 3452 anctori-

132 3468 206 3521 modi
222 3468 423 3522 aduocaucrcs.
458 3469 515 3519 ium
534 3467 688 3520 sententia·
715 3468 774 3519 tati.
790 3468 824 3520 cte
835 3481 952 3520 numero
963 3466 1271 3532 nibitpraetcrcacon·

131 3552 195 3589 rum
217 3538 244 3590 si
261 3537 440 3601 pensitamus
465 3535 688 3599 conpruentiam,
715 3540 787 3587 stat:
812 3532 880 3587 Cato
904 3537 1054 3588 censorius
1082 3542 1217 3588 suaserat
1241 3541 1272 3588 at

132 3619 195 3657 cam
208 3610 304 3658 cetera
317 3605 392 3657 inter
405 3617 436 3657 se
449 3602 625 3668 respondere
638 3618 688 3666 pa·
713 3601 801 3666 plara
814 3603 919 3667 fierent
935 3617 1006 3655 aera
1030 3605 1174 3667 cqtrcstria
1198 3617 1270 3668 qaae

132 3677 168 3724 tct
184 3679 242 3726 tum
260 3672 346 3738 gratia
370 3679 397 3725 ct
420 3678 537 3738 propter
558 3668 689 3736 municipi
715 3668 793 3723 iilius
840 3675 931 3723 aetate
952 3668 1106 3745 ‘MDCCC
1148 3669 1272 3736 fuerunt

133 3746 180 3792 :rut
197 3739 345 3794 uicinitatis
362 3748 410 3793 aut
427 3736 527 3804 collegi
540 3739 687 3792 rationem:
717 3735 897 3801 (Mommsem‘
918 3736 984 3791 bist.
1009 3754 1078 3791 rom.
1104 3736 1124 3791 I
1139 3755 1168 3803 p.
1194 3741 1271 3802 765);

133 3803 218 3858 citeri
239 3809 317 3871 apud
339 3822 435 3861 omncs
452 3806 571 3860 tribules
593 3804 690 3858 ualent
715 3807 831 3859 circiter
841 3807 954 3858 tertium
963 3805 1064 3859 bellam
1070 3809 1208 3871 pumcam
1218 3823 1271 3872 quo

132 3872 205 3935 quod
220 3874 366 3928 excellunt
381 3878 489 3939 pratia,
507 3875 592 3927 alteri
612 3873 690 3938 arturi
715 3880 839 3938 tempore
851 3875 882 3926 in
894 3875 1019 3938 equitatu
1032 3881 1151 3928 senatus
1163 3890 1271 3940 quoque

133 3938 252 3993 tribules
265 3941 370 4006 aliquot
383 3943 456 4006 qued
473 3943 629 4006 municipes
642 3956 688 3994 eo·
715 3946 801 3996 crant
812 3939 969 4006 suffrapia,
988 3943 1118 3996 seniores
1135 3957 1223 4007 aeque
1237 3958 1272 3995 uc

132 4023 196 4060 ram
221 4014 270 4062 aut
295 4010 383 4062 uicini
406 4015 455 4062 aut
478 4008 591 4062 sodales
613 4014 687 4062 siant.
716 4011 843 4063 iuniores
857 4009 1269 4075 incenturiisfuisscoportct,

132 4075 185 4128 boc
209 4082 302 4130 autem
320 4076 499 4141 quamobrem
517 4076 601 4130 alteri
620 4094 686 4142 pra-
714 4077 745 4144 ici
756 4077 831 4142 qaod
844 4077 1039 4130 Gracchorum
1058 4084 1150 4131 aetate
1163 4083 1193 4130 ut
1206 4077 1271 4130 sub·

133 4145 199 4196 tiam
212 4144 268 4198 sibi
278 4145 493 4210 acquisiaerint,
507 4146 536 4195 in
549 4144 603 4196 isac
615 4160 687 4197 com·
714 4144 802 4198 lutum
825 4145 970 4209 plebiscito
995 4146 1147 4199 credamus
1172 4144 1270 4198 Cicero

128 4211 321 4276 prebensionc
338 4226 461 4276 prorsus
478 4227 534 4264 nors
556 4227 687 4265 necessa·
713 4211 787 4278 fucit
803 4212 838 4266 de
856 4227 888 4266 re
902 4230 931 4278 p.
948 4211 995 4266 IV
1012 4209 1076 4280 βλ·
1099 4215 1193 4278 itaque
1207 4228 1271 4266 cam

132 4281 207 4333 riam
223 4280 281 4347 suit
298 4280 416 4347 referri.
446 4280 513 4344 quia
527 4280 688 4344 ctiampco·
715 4278 837 4344 Quintus
857 4280 929 4335 baec
952 4282 1080 4353 scripsit,
1105 4296 1162 4333 narr
1185 4280 1270 4335 babe—
1293 4283 1297 4287 “

132 4356 195 4414 pter
208 4365 283 4402 suam
295 4347 470 4402 ambitionem
485 4349 601 4404 nasutis
612 4353 688 4403 recte
714 4348 780 4400 bant
793 4363 872 4402 ccum
882 4348 1026 4414 pubiicum
1036 4349 1094 4402 uisi
1102 4348 1270 4403 adulescen-

125 4424 242 4489 quidem
260 4425 337 4479 adici
349 4422 476 4485 uidetur,
494 4437 559 4475 nram
577 4421 687 4475 ambitio
714 4421 775 4485 tuli,
789 4422 915 4488 Airpnsto
928 4426 1021 4474 tantan
1031 4421 1189 4486 imperante
1202 4436 1269 4476 rur·
1302 4474 1304 4478 .
