2970 5010
171 338 212 404 ts
574 352 696 416 qunrr
718 356 903 404 crcnnoms

172 513 258 590 pauci
282 513 360 571 enim
385 523 463 573 sunt.
508 511 615 573 ‹iciiide
639 524 759 591 appete,
788 512 880 572 multe
904 513 982 571 enirn
1006 511 1120 572 facilius
1143 511 1192 572 illa
1215 511 1315 572 adnle-

173 621 375 682 scentulorum
400 621 435 681 ad
459 624 619 682 amicitiam
642 630 723 683 aetas
746 622 923 700 adiungitur.
970 621 1076 681 deinde
1103 621 1196 681 habes
1218 598 1315 682 tecum

174 713 220 799 eri¹
238 735 390 794 iuventute
419 733 562 810 optimum
597 750 746 811 quemque
783 740 812 792 et
839 732 1086 792 studiosissimum
1116 731 1315 792 humanitatis.

84 892 88 899 .
173 851 238 904 tum
259 823 357 902 auter'n
381 844 439 902 emi
462 842 541 920 qnod
565 851 701 922 equester
724 842 797 902 orde
818 851 886 915 tuus
909 851 966 912 est;
990 850 1132 903 secuntur
1154 849 1253 905 autern
1274 839 1318 901 illi

174 955 378 1014 auctoritatem
402 952 522 1017 ordinis.
548 955 573 1012 si
595 951 677 1012 abste
700 952 857 1012 adhibetur
880 972 913 1013 ea
932 952 1100 1030 diligentia,
1131 961 1245 1013 utnon
1268 971 1343 1013 ora

83 1143 91 1156 .
175 1063 253 1122 ‹tints
275 1062 371 1123 selum
394 1062 543 1122 voluntate
573 1073 618 1122 set
645 1064 733 1122 etiam
762 1062 944 1140 singulorum
973 1063 1111 1122 amicitiis
1140 1081 1190 1122 eas
1213 1070 1317 1122 centn·

174 1175 233 1232 rias
261 1174 448 1233 centirmatas
477 1172 594 1233 habeas,
638 1173 696 1232 iam
726 1172 821 1232 studia
842 1172 1139 1233 adolescentulorum
1162 1173 1192 1232 in
1215 1173 1319 1232 suffra·

174 1282 280 1359 gande,
303 1284 333 1342 in
358 1282 503 1351 obeundo,
528 1285 557 1342 in
581 1283 753 1352 nuntiando,
777 1284 807 1341 in
830 1282 1004 1343 assentando
1026 1283 1150 1342 mirifice
1167 1290 1198 1342 et
1212 1299 1318 1360 magna
1350 1291 1351 1294 ’

72 1404 192 1459 vlitist
209 1399 238 1451 et
260 1392 383 1452 honesta
407 1401 483 1454 sunt.
591 1393 627 1453 Et
650 1395 788 1471 quoniam
811 1384 1143 1457 assectationis'mentic
1168 1393 1243 1452 iacta
1266 1399 1319 1460 est,

176 1503 205 1562 id
229 1521 347 1582 queque
363 1501 525 1563 curandum
544 1511 596 1573 est,
620 1511 653 1562 nt
676 1503 820 1562 cotidiana
849 1505 991 1581 cuiusque
1013 1504 1133 1580 generis
1156 1510 1184 1562 et
1206 1501 1319 1562 ordinis
1333 1493 1359 1561 ru

176 1621 205 1673 et
228 1615 330 1677 aetatis
353 1620 446 1672 utare.
492 1631 558 1672 nam
584 1631 618 1672 ex
643 1631 676 1672 ea
705 1595 768 1691 ipsa
798 1615 884 1692 copia
912 1613 1081 1673 coniectura
1109 1613 1172 1672 fieri
1201 1613 1318 1690 poterit,

244 1800 258 1846 l
278 1801 379 1862 appete
398 1795 524 1846 Orettius:
544 1797 638 1861 appeti
656 1796 661 1862 Ι
682 1800 697 1846 2
716 1798 871 1846 amiciciam
892 1797 896 1859 Ι
917 1799 1014 1848 deinde
1033 1800 1164 1848 delendum
1179 1805 1207 1855 et
1224 1814 1238 1848 e
1255 1813 1319 1862 pro·

176 1867 245 1915 aimo
263 1881 340 1914 uersu
358 1870 414 1912 tum
433 1866 480 1913 duc
498 1867 702 1926 transferendum
720 1882 775 1914 essc
793 1882 884 1915 censeo
900 1867 935 1921 14
954 1873 1011 1915 tum
1030 1872 1078 1915 aut
1096 1863 1200 1932 (lineola
1217 1871 1320 1929 rupert

177 1933 264 1990 (tracta)
288 1933 340 1981 emi
364 1933 450 1996 quod:
472 1932 631 1982 scribendum
649 1949 704 1982 esse
724 1933 841 1996 denique
861 1950 951 1984 censeo
978 1934 982 1997 Ι
1009 1935 1180 1983 δεπιὶεἰείἰε
1206 1933 1211 1997 Ι
1237 1933 1319 1983 Seb·

177 1999 293 2051 ediendo
311 2001 340 2048 in
357 2001 513 2050 nunciando
529 1999 533 2064 Ι
549 2003 564 2050 9
583 1999 657 2066 sunt]
679 2017 690 2050 s
709 2003 734 2050 iu
751 2018 845 2050 resera
860 2002 864 2063 Ι
881 2005 912 2052 10
931 2003 1084 2052 cottidiana

246 2171 260 2217 1
283 2169 367 2234 pauci
391 2170 463 2218 enim
486 2175 550 2218 snut
573 2186 619 2223 orn.
643 2171 666 2219 t
687 2178 795 2234 praeter
819 2175 852 2220 48
874 2175 907 2220 te
933 2169 937 2236 Ι
965 2171 1063 2221 deiude
1083 2172 1253 2237 adipiscendi
1271 2173 1295 2221 L
1315 2171 1318 2236 Ι

177 2236 262 2286 multe
281 2263 315 2272 -
333 2237 492 2300 adiungitur
510 2241 635 2286 translatu
654 2240 721 2287 inter
738 2239 918 2288 humanitatis
941 2247 967 2288 et
989 2247 1045 2288 tum
1064 2242 1089 2288 in
1112 2257 1187 2291 uersu
1206 2243 1222 2289 4
1244 2243 1320 2289 colto-

177 2308 245 2354 ruuit
263 2308 271 2354 i
288 2308 321 2354 50
336 2304 340 2366 Ι
356 2307 371 2354 2
390 2310 469 2354 aetas
489 2305 522 2353 ad
542 2305 694 2354 amicitiam
712 2310 721 2354 t
739 2309 756 2355 3
775 2309 810 2354 36
827 2309 860 2356 50
875 2305 879 2370 Ι
895 2307 1012 2356 habebis
1024 2308 1048 2356 L
1064 2309 1067 2369 Ι
1083 2310 1099 2356 t
1117 2313 1172 2356 tum
1193 2313 1321 2372 equester

178 2373 243 2422 erdo
261 2377 391 2436 sequetur
408 2372 484 2422 illius
503 2375 695 2423 auctoritatem
714 2375 738 2422 L
755 2382 861 2436 praeter
879 2378 912 2423 50
935 2377 960 2424 in
984 2391 1031 2439 quo
1055 2380 1110 2424 turn
1135 2380 1226 2424 antem
1250 2375 1320 2439 quod

180 2444 308 2503 equester
326 2440 393 2489 orde
411 2444 474 2489 tuus
494 2445 536 2489 est
554 2445 702 2504 sequentur
720 2442 761 2490 itti
780 2442 861 2490 huius
885 2444 1080 2509 auctoritatem
1104 2439 1147 2492 ‘idi
1167 2445 1233 2493 Acir.
1256 2444 1320 2492 Tur·

178 2510 242 2558 eredo
260 2523 308 2571 epe
331 2510 426 2558 ueteris
448 2511 543 2558 codicis
566 2511 739 2568 erneudntum’,
764 2515 819 2557 tum
844 2515 934 2559 antem
958 2517 1086 2573 equester
1109 2511 1173 2560 erdo
1197 2512 1321 2574 seqnitur

179 2577 373 2626 anctoritatem
398 2577 509 2625 maioris
529 2576 631 2625 ordinis
650 2579 734 2626 rodere
752 2579 878 2639 Danielis,
904 2584 996 2626 tamen
1017 2595 1068 2642 pre
1092 2583 1149 2627 tum
1170 2579 1195 2627 V
1212 2583 1287 2628 4117
1315 2576 1318 2642 Ι

179 2648 194 2694 5
214 2643 390 2777 εᾱὴίὺεεΙῐιιι·
408 2645 431 2692 L
448 2651 555 2706 praeter
574 2647 623 2692 122
644 2647 694 2693 124
713 2648 763 2693 126
789 2646 793 2707 Ι
820 2647 835 2693 6
859 2645 934 2694 illins
956 2662 1005 2709 pro
1030 2646 1117 2696 solum
1134 2647 1157 2695 L
1175 2655 1283 2710 praeter
1303 2649 1320 2697 3

180 2716 214 2762 34
233 2715 267 2761 38
284 2714 318 2761 50
353 2711 463 2762 sAeL

179 2899 332 2952 surnetiem
341 2899 613 2952 meieresunuerum
620 2895 740 2952 XXXV
764 2913 895 2954 sermone
912 2899 1032 2962 ostendi,
1051 2907 1145 2954 temen
1161 2915 1319 2967 conprucu-

179 2980 243 3019 cum
254 2965 391 3020 dedicisse
408 2981 447 3018 ear
465 2964 599 3019 Suetnnin
616 2967 686 3031 Aup.
704 2971 738 3016 38
764 2973 818 3020 tem
831 2983 894 3021 cuni
904 2970 1014 3033 prieris
1025 2970 1167 3034 principio
1180 2969 1323 3023 enuntiati

177 3035 355 3099 perspicitur
369 3032 519 3100 (cfiLuupi
530 3037 615 3098 antiq.
628 3033 738 3087 retuli
763 3035 887 3100 scrutum
909 3037 939 3089 id
958 3041 1002 3090 est
1024 3034 1121 3090 deinde
1140 3038 1237 3098 mirer,
1268 3051 1321 3102 pre

177 3102 295 3166 prat).
326 3106 451 3154 ceterum
469 3100 737 3155 rnuleiuuncucr·
764 3120 817 3168 que
841 3103 952 3156 ciuilem
975 3104 1101 3158 dedisset
1125 3112 1191 3158 tum
1230 3120 1321 3170 perro
1376 3118 1383 3128 ¹

180 3167 270 3221 siculo
284 3166 406 3233 Quintus
423 3168 495 3222 haec
512 3168 632 3234 refersit
648 3169 736 3223 nndte
764 3170 862 3224 Italici
878 3171 945 3224 libri
960 3171 1060 3226 deletis
1077 3171 1135 3226 ritis
1153 3180 1243 3225 antem
1269 3172 1320 3226 emi

181 3234 289 3288 i'acilius
307 3234 446 3301 diligentia
464 3237 565 3290 teneri:
589 3253 645 3290 unu
662 3239 736 3290 uitu
764 3238 1042 3305 qneddifficultntem
1053 3240 1318 3305 expedieruntcnm-

179 3318 314 3369 perurens
338 3305 365 3358 si
388 3304 540 3372 cernparari
561 3307 737 3370 scripsisset,
764 3307 933 3360 modissime.
956 3312 983 3360 et
996 3307 1096 3360 antemi
1106 3308 1216 3372 quidem
1229 3307 1322 3362 inBc-

181 3377 211 3424 nt
228 3385 359 3426 cumeus
376 3374 524 3426 centurias
542 3374 598 3424 inm
616 3372 703 3426 teneri
721 3390 738 3425 u
765 3374 905 3427 reliueusi
932 3378 1024 3440 petest
1052 3389 1084 3428 ee
1112 3375 1223 3442 fuctum
1259 3390 1323 3430 esse

180 3438 283 3493 Murco
306 3441 494 3506 sippificuret,
527 3442 615 3493 emitti
638 3440 739 3494 meiius
765 3440 1323 3508 qeredncuiiscribeepruecucurrerunt

180 3507 237 3572 suit
262 3506 350 3561 multe
368 3506 475 3561 facilius
493 3522 564 3572 quae
582 3509 671 3562 uerba
691 3523 739 3562 ue·
766 3510 804 3562 cd
821 3517 910 3563 autem
934 3509 983 3563 iili.
1019 3510 1072 3563 sed
1087 3509 1163 3576 qued
1181 3511 1257 3565 uude
1276 3511 1321 3564 eir·

182 3590 250 3627 rcnr
271 3590 306 3629 ne
330 3575 397 3629 hiric
420 3577 566 3629 enuntiato
585 3590 624 3629 eac
641 3575 738 3630 subse·
767 3579 879 3631 uenerit
891 3579 931 3630 itu
945 3593 1001 3630 uon
1020 3584 1148 3643 apparet.
1179 3581 1322 3639 coniectu*

181 3649 283 3707 miride
296 3645 481 3698 accesserint.
766 3659 818 3698 rue
832 3645 1038 3711 duirrspencris
1051 3653 1109 3698 tum
1123 3645 1234 3700 adiuuat
1246 3646 1322 3714 qued

234 3715 247 3758 2
271 3707 380 3776 deinde]
411 3710 456 3764 his
486 3715 516 3764 ut
544 3712 739 3765 emendatione
765 3719 919 3778 propterea
948 3712 1017 3765 midi
1040 3713 1227 3778 displicuere,
1250 3715 1325 3779 prend

181 3777 364 3831 sutucntrem
373 3778 517 3844 probabili
528 3779 597 3831 milri
607 3794 738 3832 nuncnu·
762 3780 913 3846 pnstutnre
954 3781 1127 3835 uidebuntur
1162 3784 1323 3848 appositum
1409 3810 1415 3817 ·

182 3848 249 3908 tipit.
290 3845 360 3899 bene
384 3847 476 3899 oratio
497 3847 665 3911 precederet
687 3846 740 3899 linc
766 3854 897 3902 suuntur
915 3847 998 3910 enim,
1017 3864 1073 3902 unu
1091 3857 1190 3903 antem.
1226 3857 1323 3904 extre·

182 3912 263 3965 mortu
281 3911 378 3966 deinde
395 3912 495 3978 allega,
514 3913 597 3967 hanes
614 3913 685 3967 enim
698 3921 738 3967 te·
765 3931 840 3968 mrim
857 3915 910 3968 dec
927 3923 990 3969 erut
1007 3922 1038 3969 ut
1055 3918 1084 3968 in
1101 3916 1149 3970 ille
1164 3917 1264 3972 mendo
1277 3917 1322 3971 de·

182 3996 243 4033 «sirm
269 3996 300 4032 ex
325 3979 469 4034 iuuentute
494 3981 627 4048 optimum
644 3996 738 4047 qnem-
766 3983 850 4048 nique
864 3985 943 4037 uocis
955 3984 1083 4038 uiderem
1096 3987 1255 4050 uestipium.

182 4064 245 4114 quc.
275 4056 333 4100 turn
351 4045 481 4101 confirma
506 4049 553 4102 uel
575 4049 645 4102 insta
663 4047 739 4116 qued
802 4055 833 4099 11
845 4066 876 4103 ex
889 4066 918 4104 ea
932 4050 992 4118 ipsa
1005 4051 1083 4118 copia
1096 4052 1254 4107 coniectura
1265 4051 1324 4106 ficri

183 4123 313 4181 equester
332 4114 399 4168 ercle
419 4122 482 4168 tuus
502 4123 551 4169 est.
589 4130 689 4170 uerum
714 4117 741 4169 si
766 4117 870 4184 peterit
893 4126 1026 4185 qnantum
1044 4119 1081 4172 sis
1098 4119 1125 4172 in
1142 4119 1203 4187 ipse
1226 4136 1323 4187 canipe

184 4183 266 4235 lituris
277 4183 361 4248 liciam
374 4181 522 4244 herbernus,
536 4184 659 4236 deuertit
671 4200 739 4236 nra·
767 4184 866 4237 uirium
886 4184 1029 4240 trahiturus
1052 4186 1116 4253 fere
1138 4189 1211 4241 idern
1229 4189 1323 4242 decta·

183 4253 220 4303 tin
239 4250 273 4304 ub
290 4251 451 4315 imperandi
468 4251 560 4311 meria,
586 4268 640 4315 qun
658 4253 687 4304 iu
707 4266 740 4303 rc
767 4259 834 4304 runt
845 4255 925 4318 ,praed
942 4270 973 4306 ex
991 4270 1020 4306 en
1037 4253 1095 4321 ipsa
1114 4255 1192 4323 capia
1210 4255 1244 4309 de
1261 4255 1324 4323 ipse

182 4320 237 4370 risi
249 4332 507 4383 trequuquurnnpus
518 4319 739 4384 liritquuenindn
768 4328 867 4373 enimin
893 4319 1036 4382 irrideatis,
1067 4322 1142 4375 atride
1172 4324 1201 4376 iu
1223 4325 1325 4389 prinrc

181 4387 266 4455 posui
288 4385 419 4452 exemplu
447 4394 665 4452 praeceptarum
690 4387 742 4440 tuli
767 4388 888 4441 arrrzurdrn
906 4405 988 4454 quirem
1012 4389 1187 4444 inconditum
1210 4393 1248 4445 sit
1265 4391 1325 4461 ipsu
