2970 5010
466 367 795 416 connnurnnronvn
818 367 1017 416 Pnnrrrorus
1269 351 1312 414 49

167 532 309 604 quantum
334 526 374 584 sis
395 527 426 584 in
449 527 514 604 ipso
537 535 642 602 campo
665 525 771 585 uirium
796 543 829 585 ao
852 523 998 585 facultatis
1013 522 1176 583 habiturus.
1222 522 1311 582 huius
1358 522 1361 527 ⁴

132 646 135 650 ’
168 643 267 697 autem
297 635 342 694 rei
368 644 431 696 tres
458 643 556 714 partes
583 643 666 696 sunt:
696 653 753 696 una
782 633 976 695 salutatorum
1007 632 1090 715 [oum
1120 633 1239 693 domum
1264 651 1311 692 ve-

168 745 284 826 niunt],
308 745 400 806 altera
423 745 632 816 deductorum,
660 747 744 806 tertia
768 752 991 806 assentatorum.
1036 744 1069 804 ln
1092 742 1311 810 salutatoribus,
1330 746 1363 796 35
1403 812 1406 817 ι

169 859 221 935 qni
243 857 338 933 magis
361 854 496 934 vulgares
517 864 586 916 sunt
610 865 638 915 et
660 855 716 915 hae
731 856 947 916 consuetudine
962 873 1038 933 quae
1053 872 1135 914 nuno
1157 863 1202 914 est
1216 851 1311 932 pluris

142 969 301 1034 eveniunt,
315 966 372 1026 hoc
387 966 575 1027 alliciendum
590 973 648 1035 est,
668 973 701 1026 ut
713 966 770 1026 boe
781 967 881 1044 ipsum
895 966 1049 1024 minimum
1062 964 1192 1026 osticium
1209 981 1312 1023 eorum

168 1076 223 1138 tibi
238 1077 437 1155 gratissimum
453 1094 518 1136 esse
533 1076 676 1136 videatur.
707 1077 757 1153 qui
772 1075 893 1136 domum
908 1082 990 1135 tuam
1005 1075 1132 1144 veniant,
1150 1073 1312 1151 significato
1387 1061 1400 1080 '

93 1212 98 1216 ·
168 1193 198 1248 te
213 1178 460 1256 animadvertere,
477 1204 579 1246 eorum
596 1187 698 1246 amieis
713 1187 763 1265 qui
778 1185 837 1246 illis
852 1187 1033 1254 renuntient,
1051 1183 1207 1253 ostendito,
1224 1202 1313 1262 saepe

169 1298 242 1376 ipsis
257 1295 356 1356 dicito.
394 1297 437 1356 sie
454 1295 590 1357 homines
606 1314 694 1374 saepe
716 1313 782 1356 oum
796 1294 914 1379 ‚obeunt
928 1294 1028 1374 plures
1051 1295 1263 1373 competitores
1285 1299 1315 1352 et

169 1406 270 1466 rident
292 1424 383 1466 unum
407 1424 472 1466 esse
495 1405 621 1486 aliquem
645 1407 696 1484 qui
719 1405 791 1466 baec
818 1405 913 1466 oldaia
943 1407 1070 1465 maxime
1092 1403 1312 1471 animadvertat,

132 1527 156 1564 10
170 1518 197 1576 ei
220 1535 251 1576 se
273 1515 399 1585 dedunt,
429 1515 571 1576 deserunt
592 1525 724 1584 eeteros
755 1516 922 1575 minutatim
951 1533 986 1575 ex
1015 1513 1222 1574 communibus
1244 1531 1312 1593 pro·

169 1627 237 1705 prii,
262 1644 297 1685 ex
320 1625 431 1686 fucosis
452 1626 530 1686 tirmi
551 1626 759 1702 suffragatores
781 1625 917 1686 evadunt.
962 1626 1019 1685 iam
1047 1623 1119 1684 iliud
1148 1631 1248 1684 teneto
1270 1622 1313 1682 di-

170 1735 312 1814 iigenter,
341 1738 365 1796 si
395 1754 462 1796 eum
492 1737 542 1812 qni
565 1734 620 1795 tibi
642 1736 827 1815 promiserit,
858 1735 987 1796 audieris
1016 1735 1116 1795 sucum
1145 1741 1178 1795 ut
1207 1733 1314 1796 dieitur
1416 1815 1418 1819 Ι

171 1845 269 1906 lacere
291 1853 341 1906 aut
363 1847 501 1914 senseris,
525 1852 558 1905 nt
580 1852 609 1906 te
633 1844 707 1926 [vel]
731 1845 848 1907 audisse
871 1853 922 1905 aut
944 1847 1020 1906 seire
1036 1844 1213 1913 dissimules,
1237 1845 1315 1921 siqui

170 1955 223 2016 tibi
247 1975 279 2017 se
303 1972 431 2034 purgare
453 1955 531 2016 volet
553 1956 631 2034 quod
654 1964 824 2035 suspectum
849 1973 915 2016 esse
937 1973 968 2015 se
990 1953 1161 2024 arbitretur,
1185 1954 1314 2016 affirmes

132 2080 157 2119 15
170 2073 200 2125 te
228 2065 265 2125 de
292 2063 372 2125 iilius
400 2065 549 2125 voluntate
578 2084 740 2145 numquam
769 2065 918 2127 dubitasse
946 2083 1001 2126 neo
1029 2064 1138 2125 debere
1167 2064 1312 2125 dubitare.

171 2177 198 2235 is
220 2176 299 2235 enim
322 2177 425 2254 quise
449 2193 507 2235 non
531 2183 614 2254 putat
635 2177 704 2236 satis
726 2175 839 2244 lacero,
869 2176 980 2236 amicus
1002 2174 1084 2236 nullo
1107 2175 1195 2235 modo
1218 2181 1316 2253 potest

171 2301 247 2346 esse.
291 2287 368 2345 seire
396 2293 496 2345 autem
525 2292 643 2365 oportet
670 2303 729 2362 qno
758 2287 883 2362 quisque
911 2286 1010 2346 animo
1032 2287 1084 2354 sit,
1115 2291 1146 2344 ut
1172 2291 1314 2362 quantum

172 2396 277 2474 auique
293 2394 433 2462 confidas,
457 2396 638 2455 constituere
662 2394 769 2474 possis.
814 2395 881 2454 lam
898 2393 1092 2455 deductorum
1110 2394 1238 2454 officium
1255 2410 1314 2470 quo
1333 2407 1366 2456 36

172 2505 267 2565 maius
290 2514 334 2564 est
356 2523 443 2583 quam
467 2504 675 2574 salutatorum,
705 2505 762 2564 hoo
784 2507 896 2582 gratius
919 2504 973 2565 tibi
996 2509 1064 2564 esse
1084 2505 1248 2582 significato
1271 2513 1313 2564 at-

241 2692 253 2739 1
273 2690 298 2740 si
316 2690 372 2738 sint
389 2690 449 2754 ipso
465 2689 469 2751 Ι
485 2692 500 2739 2
519 2690 712 2739 salutatorium
736 2690 740 2752 Ι
761 2706 821 2740 eum
840 2689 948 2739 domum
966 2691 1081 2739 ueniunt
1098 2690 1226 2739 damnauit
1245 2688 1316 2738 Orel-

171 2759 219 2807 lius
238 2757 243 2822 Ι
263 2761 278 2807 3
296 2759 385 2806 beroia
404 2755 409 2818 Ι
428 2759 444 2807 6
462 2758 579 2806 uenient
596 2758 722 2808 liebertus
740 2757 903 2822 Stephanus:
921 2758 1035 2807 uenient
1061 2757 1065 2820 Ι
1093 2757 1290 2808 ‘lrenuneient

171 2828 188 2875 8
206 2825 293 2888 digito
309 2825 313 2889 Ι
330 2825 460 2874 obediunt
475 2823 479 2890 Ι
496 2828 527 2875 10
545 2823 684 2890 deserunt]
703 2832 798 2875 serunt
815 2829 840 2875 in
857 2832 952 2875 rasura
975 2831 978 2888 Ι
1004 2829 1036 2876 13
1055 2829 1103 2875 aut
1119 2831 1151 2874 ut
1168 2826 1290 2875 senseris

171 2893 217 2942 uel
234 2909 283 2957 per
300 2895 488 2957 compendium:
506 2894 534 2943 id
553 2894 576 2942 L
592 2893 596 2955 Ι
612 2893 760 2943 dissimiles
776 2892 780 2958 Ι
802 2896 833 2943 14
851 2909 881 2943 se
900 2895 1033 2944 omissum:
1051 2901 1110 2943 ante
1129 2909 1190 2944 esso
1210 2893 1315 2943 Fascio·

172 2963 239 3010 lanas
255 2964 349 3025 posuit,
366 2968 427 3024 post
444 2963 507 3011 illud
524 2962 660 3020 Klotziasl
676 2963 708 3012 15
725 2961 783 3012 iilis
1183 2980 1185 2984 ·

239 3132 255 3178 2
274 3130 336 3179 dum
355 3132 364 3178 l
382 3132 399 3179 3
418 3132 469 3178 127
491 3126 495 3192 Ι
519 3130 582 3178 iet
595 3129 630 3178 ed
647 3128 719 3178 hane
739 3130 964 3180 consuetudinem
983 3131 1007 3179 L
1022 3137 1131 3196 praeter
1147 3133 1181 3180 50
1200 3128 1204 3194 Ι
1228 3129 1315 3195 pluris

173 3200 247 3247 etiam
265 3200 273 3247 l
292 3200 309 3246 3
328 3200 363 3247 36
382 3199 417 3246 38
440 3195 445 3256 Ι
471 3198 487 3245 6
510 3190 569 3264 qui]
588 3211 648 3245 aum
666 3200 675 3246 l
692 3200 726 3246 50
751 3195 756 3262 Ι
782 3197 898 3248 ueniant
915 3201 925 3248 l
942 3202 1009 3248 117:
1031 3201 1147 3248 ueniunt
1164 3203 1174 3248 l
1192 3202 1209 3248 3
1228 3203 1263 3248 36
1281 3201 1316 3248 38

173 3269 231 3315 127·
241 3267 355 3315 uenient
371 3266 381 3314 l
397 3266 490 3330 reliqui
504 3265 508 3327 Ι
524 3266 559 3314 iis
578 3264 681 3314 euthia
699 3273 759 3314 ante
777 3264 935 3329 significato
952 3269 1013 3318 add.
1032 3267 1057 3314 L
1075 3264 1080 3331 Ι
1100 3269 1115 3317 7
1135 3271 1162 3316 et
1180 3281 1272 3317 eorum
1292 3267 1315 3314 L

175 3330 178 3398 Ι
208 3333 488 3385 auenniensem
514 3333 519 3396 Ι
547 3335 578 3382 13
600 3334 694 3382 faeere
717 3332 789 3382 uelle
808 3335 930 3383 senseris
947 3335 971 3382 L
990 3334 1084 3383 facere
1102 3333 1174 3384 uelle
1194 3335 1316 3383 audieris

174 3405 222 3450 aut
239 3401 359 3450 senseris
377 3403 386 3449 l
402 3403 436 3449 50
454 3403 504 3448 126
530 3398 534 3464 Ι
562 3400 635 3449 leid
654 3400 763 3450 audisse
784 3402 806 3451 L
824 3401 879 3450 iem
901 3418 950 3465 pro
969 3402 996 3451 id
1015 3405 1024 3451 l
1043 3405 1077 3451 38
1104 3401 1107 3466 Ι
1135 3409 1163 3451 el
1181 3403 1253 3450 seire
1271 3404 1315 3451 l3

174 3465 243 3531 1671
259 3467 354 3532 siquis
372 3469 395 3516 L
410 3468 414 3529 Ι
432 3469 462 3517 16
481 3470 586 3517 amiens
605 3482 665 3516 esse
683 3467 759 3517 nullo
777 3469 855 3517 modo
873 3473 965 3533 potest
982 3471 1006 3519 L
1021 3468 1025 3533 Ι
1042 3471 1072 3519 17
1091 3475 1121 3518 ul
1139 3472 1167 3518 et
1185 3472 1316 3533 quantum

173 3537 197 3584 a
215 3535 745 3601 666666666166366636166166
771 3535 775 3599 Ι
803 3538 834 3585 18
860 3536 930 3601 quod
952 3540 961 3585 r
984 3540 1001 3587 3
1025 3540 1060 3587 36
1083 3539 1118 3586 36
1140 3539 1174 3586 46
1196 3539 1315 3586 117166

174 3600 292 3670 124119
310 3603 423 3668 grauius
441 3605 551 3652 61619

174 3781 288 3856 senties.
314 3780 447 3847 nequead
459 3786 553 3837 tamen
567 3779 731 3836 inleuibu-
757 3782 878 3846 nequius
910 3781 988 3836 istud
1021 3781 1243 3836 additamentum
1271 3785 1316 3836 est

174 3861 221 3900 ius
248 3850 469 3904 commentarioli
497 3851 645 3916 scriptura
674 3864 731 3903 non
757 3849 832 3915 quod
844 3850 1024 3915 pronominis
1041 3849 1159 3904 relatiui
1175 3849 1236 3904 loeo
1253 3865 1315 3904 oum

173 3919 411 3978 possaeacusari
422 3917 556 3972 arbitror.
755 3919 879 3982 positum
891 3922 942 3972 est.

220 3985 236 4030 2
260 3982 394 4036 salutatio
418 3990 467 4038 aul
491 3985 644 4040 domestica
668 3990 733 4040 erat
803 3989 838 4036 13
856 3992 902 4039 aut
914 3990 1047 4050 exparte
1060 3987 1193 4040 iteratum
1204 3986 1315 4052 peperit

175 4055 225 4102 aut
234 4049 350 4114 publiea
363 4050 441 4104 uelut
453 4068 536 4116 quam
550 4050 669 4106 Curioni
680 4054 728 4106 im·
759 4059 791 4106 ut
811 4052 997 4118 particulam,
1021 4055 1104 4108 auius
1127 4053 1315 4120 corripendae

173 4119 280 4182 pertiri
297 4115 395 4172 Cicero
411 4119 450 4172 ad
467 4119 589 4173 Atticum
606 4119 641 4173 11
655 4125 732 4182 18,1
759 4135 865 4175 caussa
889 4120 934 4175 uei
966 4121 1143 4187 adscriptum
1165 4121 1261 4189 fuisse
1284 4123 1314 4174 in

176 4185 276 4239 scribit
297 4184 480 4240 consalutatio
499 4185 617 4240 sorensis
631 4187 732 4252 perho·
759 4191 887 4255 maraine
904 4190 1015 4255 opinor.
1045 4195 1103 4244 lum
1119 4205 1180 4243 esse
1196 4204 1226 4243 se
1243 4187 1314 4242 arbi·

177 4251 302 4308 norilioa:
324 4253 498 4308 salutatores
515 4259 608 4307 nutem
625 4253 733 4310 Rornae
759 4263 849 4310 tratur
866 4257 955 4312 uerba
972 4258 1015 4312 sie
1038 4257 1173 4311 ordinata
1197 4261 1264 4311 sunt
1284 4261 1316 4310 ut

176 4327 234 4374 tum
251 4320 493 4376 nundinabantur
510 4323 568 4377 nisi
585 4322 633 4387 qui
650 4337 732 4376 mane
758 4320 826 4390 ι631
843 4323 871 4378 in
888 4325 1004 4380 amicitia
1022 4340 1082 4379 esse
1095 4340 1125 4379 se
1137 4323 1312 4379 arbitrantur.

175 4388 330 4451 salutatum
342 4389 438 4444 domos
455 4388 579 4444 adibant.
608 4394 636 4444 et
652 4394 731 4444 tanto

227 4508 250 4557 Q.
264 4507 336 4547 Cicero
351 4508 384 4550 od.
400 4506 510 4549 Biiubeler.
1091 4481 1111 4538 4
