2970 5010
212 280 231 345 8

186 490 188 493 -
212 456 243 515 in
265 442 477 514 enumerandis
498 452 586 510 relus
607 453 785 526 computatio
807 453 893 524 quasi
908 452 1012 526 diqitis
1029 450 1119 522 farta
1134 451 1181 510 llis
1200 451 1357 525 particulis

136 622 141 633 ‚
214 541 340 634 primum
358 551 464 612 deinde
480 559 542 612 tum
558 558 659 631 postea
676 551 803 631 denique
819 560 968 629 poslremo
983 555 1098 626 lopicae
1113 554 1234 612 alumno
1248 553 1357 627 discip·

212 661 294 718 linae
315 671 404 730 quam
431 654 543 713 liberae
570 656 713 714 orationis
740 657 858 727 artifice
885 654 1020 729 dipuior,
1050 657 1081 713 in
1104 654 1299 713 describendo
1320 671 1358 714 oc

209 756 426 835 praecipiendo
441 758 533 816 nimio
549 757 705 816 uerborum
721 763 753 815 ut
767 757 889 816 rationis
911 755 990 816 studi
1012 758 1208 830 similiumque
1225 758 1360 831 repetitio

215 878 252 920 ac
269 865 419 935 perpetuu
442 857 588 917 diciorum
612 874 683 916 cura
711 864 743 916 ut
771 863 892 926 laneae,
923 875 993 918 cura
1023 864 1055 916 ut
1079 855 1203 926 habeas,
1233 875 1304 917 cura
1328 864 1360 917 ul

218 959 399 1038 intellegant,
425 965 526 1017 curato
550 966 582 1018 ut
604 957 785 1035 intellegant,
810 965 843 1019 ut
865 960 924 1019 sint
947 977 1026 1030 cura,
1051 956 1218 1019 elaborant
1238 957 1358 1028 habena,

216 1071 246 1123 ut
270 1063 328 1121 sint
351 1059 517 1128 elaborato,
541 1059 587 1118 iao
609 1066 641 1118 ut
663 1059 788 1130 habeas,
813 1061 858 1120 sac
881 1067 913 1120 ut
936 1061 1031 1129 noris,
1056 1059 1102 1120 lac
1123 1067 1156 1120 ut
1178 1061 1288 1129 sciant,
1313 1061 1359 1122 lac

216 1171 247 1224 ut
270 1181 334 1222 asse
359 1161 500 1229 videatur,
524 1159 570 1220 lac
592 1169 624 1221 ul
647 1161 819 1244 discriptum
843 1163 889 1231 sit,
914 1162 1022 1240 perfice
1038 1168 1072 1222 ut
1087 1161 1189 1221 sciant.
1213 1179 1281 1222 cum
1296 1165 1360 1222 sine

216 1269 316 1341 uiqore
331 1266 441 1337 mentis)
450 1263 627 1322 iucundiore
637 1266 785 1338 pleraque
807 1269 867 1323 tam
889 1280 993 1325 seuera
1016 1249 1180 1324 tradantur
1200 1265 1361 1323 subtilitate

216 1376 327 1428 utnon
348 1368 440 1445 possit
454 1363 555 1437 fratri
574 1381 633 1424 nou
651 1365 749 1438 fuisse
771 1367 888 1436 odiosa,
912 1368 1063 1426 alacriore
1089 1365 1222 1441 quadam
1243 1372 1272 1425 et
1293 1369 1361 1426 ela-

217 1474 292 1532 tiore
313 1470 446 1528 oratione
467 1483 522 1527 uec
543 1468 616 1526 satis
638 1473 736 1527 tamen
757 1469 905 1528 concinna
927 1470 974 1527 ael
995 1468 1148 1543 perpolita
1169 1467 1312 1528 Antonius
1334 1474 1363 1528 et

218 1573 346 1633 Catilina
369 1570 554 1628 denotantur
575 1569 644 1628 inde
659 1586 678 1627 a
692 1566 751 1650 §8
773 1571 804 1628 in
826 1586 887 1643 qua
905 1577 997 1645 parte
1018 1571 1107 1628 etiam
1129 1571 1360 1644 interropatian-

123 1747 125 1749 ¹
217 1677 303 1735 culus
318 1688 380 1749 pro
394 1672 586 1730 contentionis
605 1669 729 1742 feruore
750 1673 840 1731 nectit
861 1673 934 1730 istas
950 1687 1008 1748 quo
1024 1669 1185 1750 splendore
1208 1672 1273 1730 est‘l
1289 1689 1360 1731 num

218 1775 348 1836 maiore?
378 1789 464 1850 quarn
495 1771 532 1831 oh
560 1773 643 1832 rernl
669 1780 698 1832 et
719 1773 827 1832 deiude
849 1771 920 1851 quid
950 1789 1005 1850 ego
1035 1790 1114 1832 nuno
1137 1772 1234 1839 dicam
1258 1780 1362 1852 petere

220 1895 287 1938 eum
311 1873 497 1937 consulatum
522 1874 571 1950 qui
593 1891 660 1934 cum
682 1877 835 1935 commutis
857 1875 1049 1949 anaphoricis
1069 1881 1099 1933 et
1120 1873 1266 1952 quidego
1283 1893 1362 1935 nuno
1384 1892 1389 1898 ·

220 1979 257 2038 de
280 1977 387 2046 Africa,
411 1975 482 2054 quid
505 1975 542 2035 de
564 1977 684 2036 testium
701 1975 787 2036 dictis
803 1973 948 2036 scribam?
971 1976 1128 2036 uerborum
1150 1978 1363 2038 translationes

182 2117 184 2122 ·
220 2085 454 2152 ornamentoque
475 2080 688 2138 sententiarum
716 2079 793 2138 adeo
813 2094 915 2153 pauca
943 2079 1134 2139 inueniuntur
1155 2085 1189 2138 ut
1214 2081 1364 2140 commode

222 2197 375 2259 nutrieras,
404 2176 428 2260 ἕ
457 2185 493 2236 12
520 2176 604 2238 ᾱααα
622 2179 653 2238 in
681 2196 745 2237 rem
774 2178 922 2258 publicam
951 2180 1027 2238 sicas
1056 2178 1244 2257 destringere
1266 2181 1364 2240 idest

222 2283 383 2342 Catilinam
406 2281 624 2354 Antoniumque
645 2283 781 2341 consules
799 2281 922 2354 facere,
944 2278 968 2362 ἕ
992 2287 1029 2340 28
1050 2297 1247 2359 praecurrere
1270 2282 1366 2340 idest

188 2395 190 2398 ·
221 2378 455 2462 παραδραμεῖν
477 2382 595 2441 uincere
613 2385 766 2458 petitionis
788 2386 876 2457 quasi
895 2385 993 2457 spatio
1015 2383 1148 2452 decurso,
1171 2379 1247 2462 §35
1262 2382 1363 2442 lucum

222 2492 254 2545 ut
278 2484 386 2543 dicitur
408 2482 508 2542 lacere
538 2485 635 2542 idest
658 2483 785 2556 fallere,
812 2481 837 2566 §
860 2493 900 2543 44
923 2482 1000 2544 voltu
1030 2503 1064 2546 aa
1093 2485 1190 2545 fronte
1218 2502 1294 2563 quae
1322 2493 1366 2544 est

222 2587 313 2647 animi
335 2587 433 2644 ianua.
480 2587 510 2643 in
532 2589 739 2659 qrammaticis
761 2587 960 2663 memorabilis
981 2587 1098 2648 uidetur
1124 2589 1364 2664 copulatioarum

221 2688 460 2750 coniunctionum
483 2672 533 2746 liic
555 2704 625 2747 usus
647 2695 680 2747 ut
700 2707 758 2768 que
774 2705 810 2748 ne
825 2691 944 2748 deciens
965 2690 1083 2763 quidem
1105 2698 1264 2770 appareat,
1280 2698 1367 2768 atque

223 2799 320 2849 autem
344 2805 401 2847 nan
425 2791 502 2848 inter
522 2788 608 2848 oinos
629 2791 715 2849 modo
737 2793 870 2850 notiones
892 2792 1058 2851 intercedat
1079 2793 1201 2852 nimium
1220 2791 1365 2866 frequen-

223 2899 269 2952 tcr
290 2893 369 2952 uelut
389 2895 420 2950 in
443 2887 613 2971 emordio§
638 2898 673 2949 25
689 2898 736 2950 ter
759 2893 906 2966 deinceps,
929 2893 984 2951 sed
1004 2893 1127 2951 iteretur
1148 2893 1237 2952 etiam
1260 2895 1291 2952 in
1312 2894 1365 2952 tri·

223 2996 270 3053 nis
291 2990 315 3074 §
336 2999 352 3050 l
374 2992 552 3051 Titiniorum
576 3009 610 3050 aa
632 2991 808 3052 Manlianum
831 3010 865 3053 ac
887 2992 1087 3054 Tanusiorum
1117 2993 1212 3072 capita
1234 2991 1304 3076 et§
1327 3001 1366 3054 54

225 3112 340 3154 morum
364 3110 398 3152 ac
421 3109 592 3153 sermonum
616 3111 650 3154 aa
673 3093 855 3155 voluntatum
878 3095 1061 3155 varietatem.

309 3196 451 3256 Marcum
475 3189 600 3266 Quintus
614 3199 885 3258 commentariolum
901 3213 920 3256 a
935 3214 966 3256 se
981 3198 1180 3272 conscriptum
1195 3214 1255 3258 non
1269 3200 1368 3271 lcqere

224 3301 321 3375 maqis
343 3300 434 3360 uoluit
454 3307 486 3356 ut
506 3299 677 3359 consularis
699 3301 856 3374 petitionis
874 3298 978 3370 frater
1006 3300 1106 3360 aditus
1132 3306 1245 3360 teneret
1270 3317 1368 3359 omnes
1405 3298 1410 3304 “

225 3417 313 3476 quam
336 3389 577 3476 iudicarelatque
598 3403 786 3479 calaminam,
809 3418 867 3475 quo
888 3401 1074 3462 emendatior
1095 3402 1138 3461 ud
1158 3404 1233 3463 alios
1254 3402 1370 3464 libellus

226 3504 333 3564 dimitti
350 3509 459 3576 posset.
504 3505 662 3577 quaeritur
688 3505 781 3584 iqitur
803 3504 1058 3565 administraverit
1078 3498 1204 3562 Marcus
1230 3503 1368 3561 emenda·

226 3606 298 3664 toris
320 3620 426 3663 munus
447 3620 487 3662 an
511 3603 674 3679 desuperit.
719 3621 757 3665 uc
778 3622 817 3664 ne
838 3607 904 3679 quis
925 3606 1005 3665 lanc
1026 3607 1151 3664 miretur
1172 3607 1369 3677 quaestionem

226 3707 351 3773 moueri,
382 3703 483 3775 Quinti
503 3709 732 3767 commentarius
752 3713 782 3767 et
803 3709 898 3791 oratio
919 3723 939 3765 a
961 3707 1071 3766 Marco
1090 3706 1121 3774 in
1144 3710 1214 3778 toqa
1235 3704 1373 3763 candida

226 3815 332 3868 contra
353 3810 558 3883 competitores
575 3810 687 3885 paucis
710 3808 783 3884 post
802 3808 949 3867 mensibus
978 3807 1080 3866 habita
1102 3807 1133 3864 in
1154 3812 1370 3881 senatuquam

227 3927 267 3969 aaa
288 3909 399 3968 Ascani
411 3913 603 3970 enarratione
623 3912 812 3982 copnouimus
832 3909 1011 3968 sententiolis
1032 3907 1207 3982 quibasdam
1229 3910 1271 3967 ita
1292 3908 1371 3966 iuter

227 4029 258 4071 se
279 4016 444 4071 consonant
466 4018 499 4071 ut
520 4018 573 4070 aut
593 4012 750 4086 sumpsisse
770 4026 824 4070 eas
847 4009 985 4070 Marcum
1008 4027 1028 4068 a
1051 4008 1157 4080 Quinto
1185 4016 1238 4068 aut
1260 4010 1298 4067 de
1319 4024 1371 4067 sno

228 4115 359 4172 intulisse
378 4117 483 4186 pateat
503 4115 534 4171 in
551 4111 653 4183 Quinti
672 4111 810 4172 libellum.
837 4113 923 4186 atqui
936 4112 1015 4172 itanc
1029 4112 1101 4187 quia
1122 4127 1216 4183 neque
1230 4113 1371 4184 eloquen-

228 4216 298 4272 tium
326 4212 428 4272 Marci
452 4215 551 4289 spirat
579 4229 673 4287 neque
694 4219 726 4271 ut
752 4219 822 4272 ante
844 4214 913 4273 diui
934 4217 1028 4289 plane
1055 4214 1225 4274 elaboratus
1246 4211 1372 4270 nitideac

229 4322 393 4375 exornatus
414 4321 458 4374 cst
480 4331 573 4390 nequa
588 4322 674 4376 utcu
688 4316 826 4375 clausula
841 4318 1029 4392 consequitur
1041 4314 1210 4389 familiaris
1224 4299 1371 4390 epistulae
