2970 5010
196 291 239 355 24

194 468 300 542 poesis.
339 465 527 540 quamobrem
549 471 610 524 tam
634 465 788 525 Cicerones
810 481 889 538 qnae
910 469 1124 539 coanooerant,
1154 481 1343 538 nequaqnam

126 582 138 593 “
194 568 286 641 sacre
306 569 482 641 compositos
505 582 544 626 oc
563 572 692 640 maratus
714 567 767 641 qni
787 564 899 625 Itomae
918 581 1011 641 porro
1032 566 1185 640 tenebatur
1200 567 1343 640 hodieque

197 672 305 745 ieaitnr
325 670 402 729 liber
424 669 463 728 cle
483 677 595 727 natura
617 684 732 736 rernm,
757 674 896 754 possunt*
907 666 1004 740 [nisse
1025 670 1053 727 si
1072 668 1190 743 quidem
1210 668 1343 742 piiiioso-

192 773 270 849 pota
290 772 407 848 poetica
429 770 576 830 detinente
603 772 806 844 recitationem
829 768 954 829 Marcus
982 771 1024 829 ad
1044 769 1169 830 Sallusti
1190 769 1343 845 Empedo-

198 876 264 933 ciea
286 871 435 940 traduxit,
459 873 521 931 eins
542 875 642 947 operis
660 862 785 947 partes(
809 888 882 944 qnos
910 878 941 930 ιιι
966 874 994 930 si
1009 887 1128 946 pancas
1150 876 1192 932 ris
1213 878 1345 932 statuere

199 990 219 1033 a
246 976 312 1034 aino
342 976 431 1033 etiam
460 981 519 1032 tnm
547 972 684 1034 Lnrcretio
716 989 783 1032 cano
814 975 951 1032 litteratis
983 975 1087 1032 amicis
1114 975 1345 1034 communicatos

198 1079 259 1136 siae
279 1081 403 1135 cunctos
431 1077 461 1134 in
491 1076 604 1134 citantis
632 1077 741 1134 mortni
768 1081 937 1134 asservatas
965 1092 983 1132 a
1008 1074 1163 1144 Cicerone,
1179 1075 1267 1135 'niitil
1291 1093 1345 1150 eoo
1405 1146 1408 1151 .

200 1192 280 1237 nnnc
294 1192 438 1251 repnnno,
462 1178 533 1250 onia
549 1183 670 1237 nostroe
691 1177 760 1236 torric
783 1176 976 1251 disputationi
995 1175 1111 1248 sufficit
1129 1185 1162 1236 ιιι
1175 1192 1232 1236 non
1248 1179 1344 1250 sioni-

196 1281 304 1351 ricasse
326 1279 466 1338 Marcam
488 1279 643 1351 intellenns
665 1279 810 1337 ccisototos
838 1294 896 1336 nno
923 1284 1027 1338 tenore
1048 1294 1234 1352 conexosque
1255 1279 1345 1338 libros

199 1389 228 1440 ct
249 1381 353 1454 quales
371 1383 587 1453 arammaticns
609 1387 697 1454 otqrie
719 1383 874 1439 orticarsne
892 1379 1014 1451 formae
1028 1387 1176 1454 spectator
1190 1378 1345 1440 Siceionins

200 1483 349 1561 vocaverit
369 1482 547 1542 emendatos.
592 1499 629 1541 ea
651 1483 744 1555 icitur
766 1496 854 1555 qnam
876 1482 980 1540 exorsi
993 1498 1094 1542 snmns
1115 1485 1247 1556 quaestio
1269 1484 1343 1543 reci-

201 1585 294 1660 ioitnr
321 1589 381 1643 tota
409 1583 452 1642 ad
476 1584 564 1643 anias
592 1585 785 1643 testimoninm
814 1583 990 1658 Hieronymi
1018 1601 1083 1643 cum
1113 1581 1227 1660 aliquot
1254 1581 1347 1643 iilros

202 1703 256 1765 per
279 1682 435 1746 intervalia
458 1686 592 1744 insaniae
615 1685 843 1762 conscripsisset
865 1703 939 1764 quos
962 1691 1063 1763 postea
1082 1686 1185 1745 Cicero
1209 1685 1347 1745 emendo·

203 1787 253 1856 vit,
276 1786 396 1866 propria
420 1802 452 1846 se
474 1804 564 1847 maim
587 1785 752 1855 interiecit,
782 1789 812 1845 in
840 1803 898 1860 ono
920 1803 986 1847 eom
1009 1789 1146 1848 omissam
1162 1804 1347 1864 praenomen

202 1889 248 1954 sit,
271 1904 329 1947 non
351 1890 421 1948 licet
442 1888 580 1949 dubitare
600 1890 671 1962 quin
694 1888 911 1948 celeberrnmns
931 1891 995 1950 eins
1015 1891 1141 1949 nominis
1154 1890 1239 1949 nomo
1255 1889 1349 1949 Mor-

203 2007 256 2050 ons
277 1988 456 2063 desionetnr.
502 1996 589 2063 atquc
611 2007 705 2065 snpra
727 2006 802 2064 anns
814 1991 985 2064 perstrinxi
997 2007 1037 2049 ex
1051 1994 1205 2051 contrario
1225 1993 1349 2050 ratian-

203 2093 290 2150 enine
312 2093 451 2164 antoniam
474 2106 532 2149 non
553 2094 626 2151 sotis
648 2092 774 2151 idoneae
800 2099 869 2150 sont
890 2093 933 2152 oo
953 2093 1175 2167 coaronenciam
1198 2101 1251 2151 am
1272 2094 1349 2152 Hie-

204 2193 323 2267 ronymi
335 2194 552 2266 'neotiaentiam
575 2199 628 2252 ont
648 2209 781 2253 errorem
803 2194 1012 2261 liirrniornm,
1036 2197 1118 2254 nitra
1139 2212 1198 2269 qno
1216 2210 1350 2270 proarc-

204 2295 325 2354 ainmnr
346 2295 377 2351 in
395 2295 570 2368 praesentia
596 2310 655 2354 non
676 2294 816 2355 habemns
842 2311 931 2369 noram
961 2301 992 2355 ιιι
1012 2297 1110 2357 riaieri
1129 2297 1264 2357 dicamas
1285 2295 1349 2355 La-

143 2460 145 2466 ,
204 2396 280 2455 creti
298 2394 518 2455 emendatorem
540 2394 680 2457 Morcnm
698 2395 804 2468 fnisse.

289 2495 407 2572 Scripsi
428 2512 526 2556 mense
547 2499 705 2572 septembri
725 2501 800 2558 oniti
823 2497 1016 2558 concoctis
1020 2499 1107 2561 VIII.
