2970 5010
199 1520 241 1638 0.
277 1556 357 1616 Tulli
382 1556 534 1615 Ciceronis
568 1556 656 1611 uitam
687 1560 847 1626 postquam
876 1551 1070 1612 Sebastianus
1099 1551 1255 1611 Corradus

110 1662 179 1719 olim
202 1663 233 1718 in
256 1664 420 1732 quaestura
442 1663 471 1714 et
494 1655 654 1714 Guilelmus
670 1653 810 1714 Puetzius
831 1657 862 1714 in
879 1655 1120 1712 commentatione
1136 1653 1254 1711 Marco-
1331 1711 1335 1718 ,

110 1763 183 1820 duri
195 1761 277 1820 edita
293 1775 323 1818 a.
340 1765 415 1816 1833
426 1758 687 1828 adumbrauerunt,
704 1758 852 1832 copiosius
863 1757 1057 1815 Itrumannus
1068 1757 1208 1814 narrauit
1224 1757 1254 1812 in

111 1864 255 1922 historiae
269 1874 413 1920 romanae
432 1862 647 1932 penealoqicae
667 1861 815 1919 uolumine
835 1867 920 1918 sento
939 1875 971 1932 p.
994 1863 1048 1916 719
1069 1875 1118 1926 ss„
1140 1867 1256 1916 retrac-

111 1967 184 2024 tauit
205 1962 329 2022 Blaslus
350 1964 380 2021 in
402 1969 627 2036 proprammate
648 1953 859 2036 Bedburqensl
879 1977 907 2019 a.
933 1965 1020 2018 1847.
1047 1968 1122 2019 natu
1136 1959 1255 2018 leonori-

107 2066 163 2123 ·Itus
185 2067 304 2139 inqrnio
326 2066 423 2123 minor
445 2079 534 2137 quam
557 2063 600 2121 M.
620 2063 734 2139 frater,
755 2064 875 2138 pariter
898 2068 987 2136 atque
1013 2063 1064 2120 ille
1086 2078 1105 2119 a
1122 2062 1256 2136 pueritia

110 2168 231 2227 liberali
250 2167 406 2226 doctrinae
428 2172 517 2239 atque
538 2165 735 2224 numanitatis
756 2165 940 2223 institutione
961 2163 1095 2239 imbutus,
1119 2165 1211 2222 ducta
1226 2163 1256 2220 in

112 2271 331 2328 matrimonium
353 2268 519 2341 Pomponia
542 2268 634 2326 illici
653 2283 756 2327 sorore
778 2283 856 2340 quae
874 2281 1052 2340 praepnans
1074 2280 1154 2322 anno
1176 2263 1257 2321 uritis

111 2369 356 2428 1101111111]
374 2383 444 2426 mon
461 2370 583 2442 peperit
606 2367 743 2436 Quintum
762 2369 871 2439 filium,
895 2367 1038 2426 aedilicia
1060 2383 1115 2424 sua
1138 2368 1256 2425 comitio

112 2469 182 2526 obiit
197 2460 277 2526 anno
288 2467 464 2526 auom
470 2467 555 2535 VIII,
572 2471 691 2527 consule
702 2469 809 2540 fratre
821 2478 946 2544 praetor
960 2469 1132 2542 desiqnatus
1147 2469 1258 2528 iudicio

113 2569 150 2627 de
161 2569 293 2628 Archiae
304 2571 423 2628 ciuitate
435 2569 516 2641 quod
523 2568 642 2640 factum
655 2578 698 2628 est
708 2586 789 2630 anno
801 2569 1044 2630 PCLIIXXXII
1052 2569 1201 2644 praefuit,
1219 2586 1258 2628 en

112 2681 261 2744 praetura
283 2673 386 2729 Asiam
407 2672 594 2751 prouinciam
617 2672 740 2730 obtinuit
756 2689 814 2745 per
828 2672 988 2732 triennium
1001 2688 1111 2746 parurn
1126 2672 1258 2730 secunda

109 2771 209 2845 sama,
231 2772 355 2831 Romam
377 2774 477 2832 reduce
500 2779 532 2830 ut
548 2770 654 2843 frater
675 2774 763 2832 eusul
784 2775 991 2832 restitueretur
1011 2775 1134 2833 consilio
1150 2789 1258 2848 opera·
1352 2840 1355 2848 ,

113 2890 170 2947 que
192 2869 471 2950 adiuuit,‘'eoceunte
493 2889 573 2932 anno
594 2873 871 2932 PCLIIXXIIVII
892 2873 1004 2934 Ollium
1025 2877 1056 2934 ln
1078 2874 1258 2934 Sardiniam
1329 2863 1332 2870 ’

109 2974 269 3050 profectus
290 2983 334 3036 est
348 2977 472 3050 Pompei
491 2977 607 3048 loqutus
628 2978 675 3034 rei
690 2974 916 3047 frumentariae
937 2993 1056 3049 caussa,
1082 2993 1162 3036 ctrrrro
1184 2974 1261 3035 DCC

115 3080 146 3136 in
171 3079 299 3136 Galliam
323 3084 352 3135 et
374 3076 569 3136 Britanniam
593 3076 731 3138 Caesaris
752 3080 869 3155 leqatus
890 3095 945 3138 nec
966 3081 1029 3137 sine
1056 3079 1187 3138 bellicae
1201 3080 1259 3136 uir-

114 3179 290 3238 tutlslaude
311 3195 407 3253 neque
433 3195 500 3238 cum
523 3194 626 3238 amore
647 3182 783 3247 militiae,
812 3196 891 3239 anno
913 3179 1046 3238 oceli]
1070 3183 1101 3239 in
1126 3179 1259 3239 Ciliciam

81 3315 84 3318 -
113 3281 231 3352 leqatus
248 3279 371 3352 fratris,
395 3287 502 3340 exorto
523 3281 598 3340 dello
619 3283 702 3341 cirili
721 3298 787 3341 cum
811 3280 926 3352 fratris
953 3284 1120 3356 exemplum
1142 3290 1260 3341 secutus

114 3381 290 3440 haesitasset
311 3383 348 3440 de
365 3383 508 3456 partibus
528 3384 726 3458 Pompeianis,
751 3383 889 3442 Caesaris
910 3385 988 3441 irum
1009 3383 1187 3457 deprecatus
1208 3383 1259 3441 ait-

115 3484 245 3541 alienato
268 3485 368 3543 orelmo
390 3501 409 3542 a
428 3483 535 3555 fratre
557 3501 653 3544 uxore
678 3486 741 3556 illio
768 3486 920 3544 demersus
943 3501 1017 3543 aere
1039 3486 1258 3552 allencionem,

116 3576 242 3658 denique
261 3588 451 3659 proscriptus
472 3602 539 3646 cum
558 3585 662 3658 fratre
681 3588 801 3659 alioque
823 3588 1044 3646 triumuirorum
1067 3589 1148 3645 iussu
1170 3587 1261 3644 inter-

114 3685 213 3757 fectus
234 3693 278 3745 est
300 3703 381 3746 anno
402 3686 539 3747 IlCCIII.
567 3689 642 3748 mint·
667 3690 785 3763 scripta
809 3686 912 3758 Quinti
931 3687 1009 3762 quae
1033 3687 1103 3758 sere
1124 3691 1261 3746 omnine

102 3787 219 3846 'IImci
250 3789 335 3846 libris
363 3791 556 3849 innotuerunt
590 3790 688 3850 denuo
718 3795 896 3864 percensere
926 3791 1127 3862 reliquiasque
1158 3805 1261 3849 eorum

71 3870 75 3877 ⁸
114 3891 256 3961 collipere
273 3887 440 3964 propterea
459 3893 576 3964 placuit
597 3893 676 3964 quod
697 3906 756 3950 non
778 3894 870 3951 solum
892 3892 1161 3949 commentariolum
1186 3892 1261 3964 peti-

117 3992 202 4049 tionis
224 3999 429 4065 arqumentum
455 4008 607 4066 penusque
633 3994 805 4068 scripturae
832 3993 953 4051 cuilibet
973 3993 1094 4065 coqnltu
1116 3992 1261 4065 diqnissi-
1294 3984 1298 3989 ’

94 4104 195 4152 ‘mum
217 4092 271 4150 sed
290 4097 380 4175 etiam
403 4110 443 4152 en
455 4097 571 4152 ceteris
592 4095 720 4154 nominis
734 4095 925 4154 mediocriter
947 4095 1092 4166 inqeniosi
1112 4095 1262 4168 opusculis

117 4179 221 4268 qualia
243 4201 303 4253 tum
325 4194 427 4252 studia
449 4196 619 4254 litterarum
642 4212 786 4255 romanae
808 4211 868 4254 mos
890 4195 1067 4254 eruditionis
1091 4195 1263 4268 probauerit

117 4296 190 4354 irene
206 4296 403 4371 perspicitur.
433 4300 707 4356 commentariolum
725 4299 863 4372 propriis
884 4298 1103 4357 commentariis
1126 4297 1262 4357 Valerius

117 4397 275 4456 Palermus
290 4404 325 4481 ,et
345 4396 503 4458 Rolartdus
517 4399 653 4458 Petreius
669 4400 748 4471 otim,
773 4400 925 4458 nouissime
939 4397 1033 4470 Hoffa
1055 4398 1160 4456 doctor
1175 4399 1261 4457 Mar-

111 4529 114 4543 '
171 4527 194 4578 i),
207 4528 278 4568 Cicero
293 4527 325 4568 od.
339 4527 449 4569 Biichelet.
629 4579 630 4583 Ἰ
702 4544 704 4546 -
1043 4503 1085 4558 1
