2970 5010
454 351 784 402 couunnrnaronvu
806 355 1006 404 enrrrroms
1254 340 1296 405 53

151 511 222 573 latio
245 520 378 573 naturam
402 513 529 573 vincere.
576 529 643 571 nam
667 513 789 572 comitas
811 511 864 572 tibi
886 530 946 572 non
961 512 1046 572 deest
1068 532 1101 573 ea
1117 532 1193 592 quae
1216 513 1295 574 barro

152 642 186 684 aa
215 624 297 684 suavi
324 621 444 682 homine
472 621 560 700 digna
589 629 649 691 est,
684 631 729 682 εει
756 640 832 701 opus
860 629 906 683 est
933 640 1115 702 magnopere
1142 607 1293 694 blanditia,

152 751 226 811 quae
250 734 336 792 etiam
360 733 384 791 si
407 733 510 792 vitiosa
533 739 578 792 est
608 739 637 791 ει
665 733 759 810 turpis
780 733 811 791 in
834 738 934 792 cetera
957 733 1029 800 vita,
1061 741 1160 793 tamen
1187 736 1218 794 in
1241 753 1293 813 pe·

151 844 257 903 titione
287 843 492 904 necessariast.
543 859 575 901 ea
611 843 689 901 enim
724 859 792 902 cum
827 841 1005 902 deteriorem
1035 841 1162 921 aliquem
1192 861 1321 903 assem.

123 952 240 1014 stando
269 953 353 1021 tacit,
383 959 444 1012 tum
467 950 602 1030 improba
625 957 685 1021 est,
714 969 782 1011 cum
804 953 992 1022 amiciorem,
1016 970 1076 1013 non
1100 961 1157 1013 tam
1181 954 1293 1032 vitupe-

149 1061 258 1130 randa;
280 1051 401 1142 petitori
423 1080 491 1122 vero
515 1063 682 1122 necessaria
707 1069 759 1131 est,
784 1063 869 1123 cuius
891 1063 975 1122 irons
991 1069 1021 1122 et
1034 1063 1133 1123 vultus
1151 1071 1180 1124 et
1194 1081 1293 1123 sermo

150 1173 185 1234 ad
209 1191 311 1234 eorum
335 1189 538 1251 quoscumque
560 1173 741 1243 convenerit,
765 1189 884 1233 sensum
909 1181 938 1232 et
960 1171 1139 1233 voluntatem
1161 1191 1293 1233 commu-

149 1283 256 1344 tandus
279 1290 308 1342 ει
331 1281 598 1359 accommodandus
622 1290 674 1343 est.
719 1282 778 1342 iam
802 1281 980 1343 assiduitatis
1002 1281 1116 1342 nulium
1139 1290 1183 1343 est
1205 1302 1291 1363 prae·
1309 1288 1343 1338 43

150 1400 279 1472 ceptum,
305 1392 426 1452 verbum
449 1393 546 1470 ipsum
569 1391 657 1452 docet
679 1411 753 1471 quae
781 1410 830 1452 res
858 1395 904 1453 sit.
949 1392 1071 1472 prodest
1100 1393 1219 1472 quidem
1242 1414 1290 1455 ve-

112 1517 136 1556 ιο
149 1501 305 1562 trementer
329 1521 473 1581 nusquam
497 1501 666 1571 discedere,
695 1509 740 1562 set
768 1509 867 1562 tamen
890 1502 939 1564 hic
961 1503 1078 1564 fruetus
1101 1511 1145 1564 est
1166 1504 1291 1565 assidui-

151 1613 225 1681 tatis,
250 1630 309 1672 non
331 1611 426 1672 solum
458 1629 523 1673 esse
549 1610 660 1672 Rornae
689 1618 778 1691 atque
806 1613 837 1671 in
866 1613 932 1672 foro
961 1619 1007 1673 set
1033 1613 1150 1674 assidue
1177 1622 1290 1694 petere,

149 1740 238 1801 saepe
261 1721 381 1782 eosdem
405 1720 569 1802 appellare,
599 1740 659 1782 nou
683 1723 868 1783 committere
896 1732 929 1782 ut
951 1724 1106 1801 quisquam
1129 1726 1223 1803 possit
1246 1724 1290 1784 di·

148 1850 216 1894 cere
239 1832 317 1912 quod
340 1833 404 1893 eius
427 1833 569 1910 consequi
591 1833 695 1912 possis
719 1833 744 1893 si
766 1832 848 1893 abste
870 1850 929 1893 non
953 1834 991 1893 sit
1012 1841 1147 1912 rogatum
1163 1840 1193 1895 et
1206 1833 1291 1896 valde

217 2062 229 2107 1
248 2063 409 2108 naturarum
425 2056 428 2122 Ι
444 2061 459 2109 2
478 2059 620 2110 blandiciae
640 2057 644 2123 Ι
663 2063 679 2110 3
696 2060 806 2110 niciosa
824 2056 829 2124 Ι
849 2064 877 2111 ει
894 2061 998 2125 inturpi
1017 2067 1110 2111 cetera
1126 2057 1130 2127 Ι
1150 2062 1291 2126 peticione

150 2124 152 2189 Ι
172 2129 188 2176 4
207 2129 402 2178 necessariam.
423 2143 457 2176 ea
476 2128 547 2176 enim
565 2129 677 2191 scripsi:
699 2128 870 2180 necessaria.
889 2129 928 2178 Τε
947 2129 1019 2178 enim
1046 2125 1050 2194 Ι
1077 2130 1229 2180 assectatio
1248 2145 1290 2179 se-

48 2228 62 2236 -
147 2194 249 2245 ciendo
273 2192 277 2258 Ι
301 2197 316 2245 5
335 2195 522 2246 amiciciorem
541 2193 545 2259 Ι
570 2197 601 2245 12
617 2196 732 2258 sortasse
749 2195 842 2246 dicere
861 2200 889 2245 te
908 2196 978 2262 quod
996 2196 1068 2247 uelis
1088 2199 1219 2262 consequi
1236 2213 1290 2248 non

146 2277 228 2327 posse

146 2473 222 2517 totum
238 2467 286 2515 doe
303 2467 465 2526 enuntiatum,
484 2473 512 2514 ut
528 2473 720 2515 cousentaneum
738 2473 790 2529 est,
808 2466 1004 2532 paragrapho!
1022 2468 1136 2517 adiciens
1162 2464 1165 2530 Ι
1194 2470 1207 2516 1
1227 2483 1289 2516 nam

146 2538 154 2584 l
173 2537 206 2583 47
224 2537 293 2583 124.-
311 2548 365 2583 non
383 2535 501 2597 tresque
520 2530 523 2596 Ι
545 2534 700 2583 committas
718 2534 771 2584 tibi
789 2550 903 2585 necesse
923 2539 965 2584 εει
983 2551 1017 2584 ea
1034 2539 1043 2584 ι
1061 2538 1078 2585 3
1099 2537 1133 2584 36
1152 2537 1187 2584 33
1205 2537 1289 2585 4349

147 2605 196 2650 117
214 2605 263 2650 122
283 2605 333 2651 127
360 2601 475 2650 comitas
493 2601 545 2650 tibi
563 2616 676 2651 necesse
696 2606 738 2651 εει
757 2618 790 2652 ea
808 2607 817 2651 t
835 2605 868 2651 47
887 2605 937 2651 124
955 2606 1005 2652 126
1032 2603 1149 2652 comitas
1166 2602 1219 2650 tibi
1237 2617 1289 2651 nec

147 2685 180 2718 ea
199 2668 307 2731 15012
328 2665 379 2732 εει]
398 2669 513 2717 sister
531 2671 582 2717 124
600 2672 788 2719 suntteeteri
810 2670 814 2732 Ι
837 2671 916 2720 4εει
933 2679 991 2733 post
1009 2671 1145 2735 petitione
1164 2671 1289 2723 addtdd

148 2734 151 2802 Ι
172 2737 332 2787 necessaria
350 2736 490 2785 tibienim
511 2751 571 2785 cum
591 2738 613 2785 L
640 2740 799 2787 necessaria
818 2741 919 2787 etenim
939 2754 1000 2787 cum
1018 2741 1027 2788 t
1044 2742 1077 2786 50
1102 2733 1107 2802 Ι
1134 2739 1224 2788 itum
1243 2753 1288 2790 om.

145 2804 573 2869 Ltuituperandaestt3816
593 2803 1288 2870 cuiusetfronshitsensus13811718etac-

145 2871 357 2922 commodandus
375 2873 509 2921 Palatinus
528 2879 553 2921 et
570 2873 769 2922 Mauricianus:
786 2888 832 2926 am.
851 2875 876 2923 L
891 2872 895 2938 Ι
920 2877 936 2925 9
954 2874 1122 2937 uerbumque
1140 2875 1165 2922 L
1181 2880 1289 2937 praeter

148 2945 182 2990 36
200 2944 235 2990 38
253 2944 302 2988 117
317 2937 321 3004 Ι
338 2942 370 2990 10
387 2955 525 3002 nunquam
543 2943 599 2991 133
614 2938 618 3004 Ι
634 2941 776 2991 discedere
799 2941 964 2991 TPatatinus
976 2942 1170 2991 Mauricianus:
1189 2940 1288 2990 deesse

147 3008 279 3058 Ldicere
297 3011 306 3057 t
325 3011 359 3058 38
377 3024 444 3057 carr.
473 3008 477 3072 Ι
506 3009 536 3056 12
554 3008 641 3072 possit
664 3024 692 3058 re
717 3008 807 3060 dicere
831 3012 891 3059 147
919 3008 923 3062 Ι
950 3013 981 3059 13
1005 3010 1071 3073 quid
1093 3011 1238 3058 7117127
1264 3009 1288 3057 si

146 3076 216 3140 quod
234 3080 242 3125 t
260 3078 293 3124 50
312 3076 402 3138 quoad
421 3077 553 3125 Palatinus
580 3074 584 3140 Ι
611 3077 648 3125 sit
670 3084 728 3139 past
747 3078 805 3126 eius
823 3080 883 3128 add.
903 3077 939 3136 L,
959 3080 1000 3127 sic
1018 3081 1027 3126 t
1045 3082 1062 3127 3
1083 3081 1125 3131 38.
1156 3076 1227 3142 quod
1244 3076 1288 3125 ius

145 3145 182 3193 sit
200 3144 317 3192 Petreius
335 3143 406 3206 quod
425 3144 485 3192 eius
504 3149 580 3192 esset
596 3148 624 3192 te
643 3144 778 3208 Kayserus
798 3143 803 3209 Ι
822 3147 936 3210 possiti
954 3150 989 3196 36
1005 3162 1074 3198 corr.
1095 3161 1174 3210 posse
1195 3145 1288 3194 Gesne-

144 3227 189 3260 rus
206 3211 329 3275 potuisse
346 3211 429 3275 Haffa
445 3208 449 3275 Ι
464 3225 494 3259 εε
514 3211 608 3260 abste
627 3226 681 3260 non
700 3227 760 3262 esse
779 3218 905 3276 rogatum
924 3216 990 3276 150,
1008 3230 1061 3264 non
1081 3230 1127 3264 om.
1146 3214 1287 3270 Palermaas,

144 3294 199 3329 non
216 3283 343 3343 rogatum
361 3283 467 3328 tantum
487 3283 560 3329 esset
577 3278 625 3328 sed
644 3279 725 3329 ualde
744 3279 879 3344 Kayserus

197 3501 214 3547 3
244 3495 271 3550 in
295 3495 430 3564 petitione
456 3495 618 3551 necessaria.
654 3495 703 3550 tibi
730 3498 783 3552 mis
795 3498 952 3554 editoribus
965 3500 1013 3564 qui
1025 3498 1083 3553 eius
1097 3499 1208 3564 quidem
1218 3515 1284 3565 pro-

147 3563 217 3618 enim
236 3565 348 3619 codices
365 3564 523 3618 deteriores
547 3565 597 3629 qui
619 3566 703 3618 etiam
730 3567 838 3619 nomini
846 3572 1039 3632 pepercerunt
1056 3567 1110 3620 sed
1125 3566 1184 3620 alia
1197 3566 1287 3621 uerba

146 3640 203 3685 turn
216 3634 247 3686 iu
259 3637 370 3698 optumo
384 3631 455 3686 libra
465 3630 632 3686 collocatum
640 3636 704 3697 post
730 3638 757 3686 et
767 3649 899 3688 maxume
909 3649 973 3688 eum
979 3635 1144 3689 condicione
1150 3635 1286 3689 adiuncta

146 3697 210 3753 iacit
223 3702 451 3765 praeterierunt.
480 3699 704 3764 insequebantur
729 3702 829 3755 acrius
845 3703 1057 3768 impupaaruut.
1092 3717 1132 3756 ex
1156 3701 1214 3756 eius
1235 3717 1285 3767 epa

146 3767 194 3842 qaae]
211 3775 253 3820 est
270 3774 337 3822 ante
350 3767 503 3823 necessaria
516 3768 664 3822 adicerent
676 3774 704 3823 et
728 3769 887 3824 eruendam
903 3772 1004 3824 censui
1022 3769 1078 3824 tate
1099 3769 1217 3825 uerbum
1234 3769 1285 3829 uis.

145 3829 195 3909 ubl
207 3833 237 3885 in
250 3840 316 3887 tunc
325 3841 476 3890 mutarent.
492 3836 612 3900 denique
618 3833 701 3889 Lam·
728 3836 807 3902 petis,
820 3836 878 3902 agis
892 3834 1028 3904 (cf.§56).
1053 3844 1109 3891 tum
1122 3839 1288 3903 capitatione·

145 3897 229 3953 danus
250 3917 305 3964 pro
330 3900 380 3954 tihi
404 3903 474 3956 enim
496 3903 585 3957 edidit
602 3903 701 3957 etenim
729 3902 827 3970 Quinti
843 3910 893 3959 aut
909 3904 981 3958 daec
997 3906 1185 3960 conueniebat
1196 3906 1284 3971 adfir-

144 3966 220 4030 quod
235 3969 361 4032 scriptor
373 3985 476 4047 parum
493 3969 594 4035 taraus
606 3972 637 4024 in
648 3969 701 4025 ttae
728 3973 812 4026 matio
823 3979 850 4026 te
859 3971 934 4050 quod
945 3971 1014 4027 uelis
1026 3973 1160 4042 consequi
1168 3988 1252 4040 posse
1261 3972 1285 4026 si

143 4048 406 4113 uenere-sermome
424 4037 628 4091 aonaddiduit.
651 4037 700 4105 fu·
728 4038 776 4094 abs
800 4046 828 4093 te
852 4047 888 4093 ειι
912 4048 1039 4106 rogatum
1060 4047 1110 4096 aut
1127 4045 1285 4107 praestans

144 4116 193 4154 ere
217 4102 370 4168 aliquando
387 4103 465 4181 'daec
482 4106 591 4181 scripta
614 4107 701 4159 coati-
727 4108 896 4163 auctoritate
913 4107 985 4163 daec
1001 4109 1031 4162 ta
1044 4108 1173 4176 necando
1184 4122 1283 4174 perse-

144 4175 246 4234 nemer
258 4179 552 4225 necessariasteaemm.
728 4175 838 4230 ueratia
856 4182 883 4230 te
900 4174 975 4243 quod
993 4175 1063 4230 uelis
1082 4175 1214 4243 consequi
1229 4191 1284 4229 non

190 4242 223 4287 13
243 4253 294 4292 nec
310 4237 396 4303 plena
414 4241 470 4292 ista
484 4253 547 4292 esse
568 4254 619 4294 aec
637 4241 699 4295 sine
726 4259 810 4309 posse
827 4242 850 4297 si
867 4241 915 4297 abs
933 4250 961 4298 te
980 4259 1035 4298 non
1060 4243 1096 4298 sit
1114 4249 1241 4309 rogatum
1256 4249 1284 4296 et

142 4305 252 4384 maedis
276 4312 405 4384 apparet.
440 4307 475 4360 de
492 4306 592 4371 quibas
610 4322 700 4362 meum
726 4310 837 4375 auidam
850 4309 930 4365 ualde
942 4326 973 4365 ac
985 4309 1133 4376 diligenter
1147 4318 1283 4377 rogatum.

142 4373 278 4428 audacurm
290 4378 362 4428 satas
371 4374 518 4440 discrepat
527 4389 590 4428 cum
597 4373 699 4440 pluru-
