2970 5010
1246 339 1285 402 19

143 515 281 575 Caesaris
310 515 435 584 Quintus
460 514 619 572 cauillatus
645 520 726 571 esset.
772 515 974 572 commenticia
1002 513 1076 570 tulin
1102 517 1131 570 et
1150 517 1285 571 contorta

141 634 199 677 non
221 633 296 691 opus
317 602 361 675 est
380 616 574 688 redarpuere,
597 632 658 672 una
681 615 787 672 addita
809 616 942 674 litterula
965 616 1085 673 restituo
1107 631 1284 692 quamquam

143 738 158 778 a
181 725 210 778 te
232 719 338 777 iactam
362 715 497 777 tabellam
522 715 605 775 video
628 732 692 800 esso
716 715 832 774 lestive:
856 732 961 790 nempe
976 733 1017 774 en
1029 731 1145 789 praeca
1162 706 1287 786 Quintus

142 821 231 878 etium
253 826 314 877 tum
340 820 371 876 in
402 819 501 878 Gallia
529 823 726 878 commoratus
753 824 941 877 conuerterat
968 816 1124 893 Sophoclis
1145 816 1286 899 sabulum

143 937 220 995 quae
248 916 448 980 σύνδειπνοι
476 914 817 1004 uolpoinscrihehntur,
846 936 866 977 a
893 921 1042 978 nonnullis
1069 912 1285 986 σύνδειπνον,

142 1024 227 1080 cuius
258 1016 402 1096 reliquias
436 1021 591 1106 Nauchius
618 1038 652 1094 p.
689 1026 743 1078 127
769 1037 807 1078 ss.
843 1022 996 1093 concessit.
1046 1020 1173 1080 Morcus
1203 1019 1290 1093 offici
1370 1019 1371 1022 ’

142 1139 250 1183 caussa
271 1130 300 1181 et
320 1125 432 1182 amoris
443 1121 577 1194 fratrem
599 1122 706 1180 tundat
726 1125 924 1196 interpretem,
943 1137 1051 1197 poema
1072 1124 1169 1197 ipsum
1183 1137 1289 1182 roma-

142 1241 201 1283 nae
226 1227 339 1284 scilicet
364 1210 510 1297 pravitati
532 1239 645 1298 porum
671 1226 846 1283 conueniens
879 1241 987 1298 aspere
1014 1225 1177 1299 improhot:
1199 1232 1290 1299 putes

142 1329 206 1385 cius
226 1326 464 1400 reprehensionis
485 1327 639 1384 seueritate
657 1324 775 1397 sactum
796 1343 859 1385 esse
873 1333 907 1385 ut
926 1327 1065 1400 deinceps
1079 1327 1150 1386 inde
1165 1325 1290 1396 Quintus

40 1492 45 1504 ¹
144 1429 182 1488 nh
194 1435 364 1502 satyrorum
371 1429 491 1487 licentio
504 1427 652 1486 abstinens
662 1427 842 1486 industriam
854 1443 939 1486 suom
953 1426 1135 1499 transferret
1145 1429 1176 1486 in
1188 1442 1290 1486 ueram

144 1530 342 1603 trapoediam.
386 1529 559 1604 Sophoclem
586 1536 684 1588 autem
712 1531 775 1602 ipse
801 1543 891 1602 quum
917 1529 1123 1588 admiraretur
1144 1544 1291 1603 quumque

144 1647 178 1690 co
200 1632 408 1698 delectaretur,
432 1632 506 1690 alios
528 1646 642 1704 quoquc
661 1631 741 1688 scire
762 1631 925 1703 loquentem
942 1628 1082 1700 Quintum
1093 1630 1197 1702 frater
1214 1628 1292 1702 fecit

146 1736 183 1792 de
202 1733 310 1804 tirtihus
340 1729 405 1811 V§
423 1738 450 1802 3,
473 1732 668 1804 scrihentique
690 1731 733 1790 cd
752 1747 818 1789 eum
841 1747 920 1789 auno
943 1731 1038 1790 neto
1057 1735 1116 1792 nisi
1136 1727 1293 1807 Sophoclei

145 1835 237 1894 studii
256 1837 287 1893 in
309 1841 433 1894 mentem
455 1836 585 1897 uenisset,
608 1849 666 1892 non
689 1834 765 1892 adeo
778 1835 817 1906 in
833 1834 964 1908 procliui
984 1833 1059 1893 haec
1076 1833 1186 1906 fuisset
1205 1850 1291 1894 eom-

143 1938 269 2011 paratio
289 1936 329 1995 II
348 1943 381 2003 8,
407 1943 425 1993 l
454 1933 490 1994 de
512 1953 546 1994 re
569 1932 686 2014 publica
711 1935 835 1994 nimium
859 1941 887 1994 te
910 1933 1046 1996 laborare
1069 1933 1155 1996 doleo
1178 1945 1208 1996 et
1230 1953 1290 1996 rne-

104 2115 107 2120 ,
147 2037 249 2097 liorem
273 2039 365 2097 civem
391 2053 564 2114 essequam
588 2035 779 2097 Philoctetam
809 2038 859 2114 qni
889 2045 1011 2116 accepta
1035 2037 1143 2102 iniuria
1168 2055 1201 2097 ea
1225 2056 1291 2116 spe·

146 2139 259 2223 ctacula
282 2137 444 2220 quaerebat
468 2157 543 2216 quae
567 2137 618 2198 tibi
641 2137 748 2198 acerba
772 2155 836 2198 esse
860 2138 953 2198 video.
990 2139 1148 2211 efumilia
1170 2139 1292 2199 Cicero-

146 2243 192 2300 nis
218 2257 341 2316 operum
369 2243 502 2314 aliquam
529 2243 623 2300 eidem
645 2248 754 2316 poetae
785 2239 855 2300 Tiro
882 2257 1007 2299 narasse
1034 2241 1152 2300 uidetur
1184 2242 1294 2316 quippe

146 2360 186 2401 en
208 2359 264 2420 quo
281 2342 407 2402 hlarcus
421 2348 618 2416 percontetur
639 2344 671 2400 in
692 2343 820 2415 epistula
841 2341 875 2398 X
882 2342 926 2399 l'l
947 2348 991 2411 18,
1011 2349 1034 2405 ,3
1056 2359 1093 2401 an
1116 2343 1220 2420 pangis
1241 2341 1293 2401 ali·

149 2443 219 2521 tlnid
243 2441 464 2519 Sophocleum?
491 2442 536 2502 lac
559 2461 634 2520 opus
657 2441 822 2521 adpareat.-

132 2558 136 2565 ’
235 2543 308 2604 Tam
329 2547 493 2626 litteratum
521 2561 611 2618 onum
637 2544 772 2614 Ouiutmn
800 2547 859 2603 iam
886 2546 1075 2618 coenavimus
1096 2545 1240 2605 honinem
1263 2548 1294 2605 in

147 2646 331 2706 carminibus
349 2645 528 2717 factitandis
547 2663 608 2720 por
630 2653 673 2704 est
693 2648 862 2706 exercuisse
884 2664 916 2705 se
930 2642 1020 2706 uarie.
1057 2648 1112 2706 sed
1133 2647 1294 2706 dnhitutio-

148 2763 214 2806 inem
235 2750 358 2807 multam
381 2764 482 2806 uersus
503 2748 591 2806 hahet
612 2765 631 2804 a
653 2747 761 2805 Marco
782 2749 812 2804 in
835 2749 962 2821 epistula
984 2748 1028 2806 ad
1048 2763 1115 2807 eum
1135 2748 1157 2805 I
1168 2754 1195 2816 3,
1212 2754 1231 2805 8
1250 2747 1296 2805 his

149 2849 243 2908 rerhis
270 2855 514 2910 commemoratus
543 2847 614 2908 illud
643 2857 761 2915 caveto,
797 2856 825 2907 et
852 2865 888 2907 eo
915 2856 987 2926 puto
1015 2866 1069 2927 per
1098 2847 1294 2926 Pomponium

150 2950 306 3009 fovendum
336 2949 390 3010 tibi
419 2969 483 3010 esse
507 2951 602 3028 ipsum
629 2950 835 3020 Hortensium,
865 2968 903 3010 ne
929 2949 979 3009 ille
1007 2967 1111 3010 versus
1139 2953 1190 3028 qui
1214 2949 1242 3008 in
1267 2958 1295 3007 te

150 3061 215 3112 eset
235 3050 369 3112 conlatus
392 3071 459 3111 cum
483 3050 664 3111 aedilitatem
687 3051 809 3129 petebas
832 3051 869 3110 de
891 3050 957 3128 lege
977 3050 1095 3112 Aurelia
1119 3051 1191 3112 falso
1214 3052 1295 3112 testi·

151 3154 248 3213 innnin
272 3154 474 3212 confirmetur.
520 3169 700 3227 quamquam
722 3156 799 3212 enim
821 3153 933 3225 Hoffce
953 3154 1027 3212 mihi
1044 3153 1297 3229 probaturindi-

149 3258 227 3315 rium
255 3260 359 3314 contra
388 3256 555 3315 Munatium
582 3256 788 3314 existumantis
818 3255 855 3314 de
882 3257 946 3328 leae
981 3256 1105 3314 Aurelio
1133 3255 1297 3316 iudiciaria

150 3373 272 3414 carmen
299 3351 423 3428 aliquod
447 3373 513 3415 cum
542 3359 681 3416 irrisione
707 3356 849 3415 Hortensi
872 3359 1080 3415 circumlatum
1106 3372 1170 3415 esse
1199 3342 1299 3426 Quini

151 3460 267 3516 rnorrtine
288 3489 330 3499 -
351 3458 491 3515 nimirum
514 3473 571 3530 quo
593 3465 721 3531 tempore
742 3460 793 3517 lex
815 3475 851 3517 ea
867 3459 931 3516 lata
958 3464 1002 3516 est
1022 3457 1197 3516 Hortensius
1215 3465 1297 3532 pete·

151 3561 201 3617 hat
228 3560 412 3617 consulatum
439 3559 638 3631 quadriennio
672 3564 741 3616 ante
773 3540 915 3618 aedilicia
944 3558 1046 3629 Quinti
1070 3564 1099 3618 et
1124 3561 1298 3618 consulario

153 3661 252 3720 Cottae
273 3661 391 3718 comitia
412 3690 455 3702 -
477 3667 576 3720 tomen
604 3660 731 3719 Morcus
758 3661 821 3734 ipse
848 3676 961 3734 necare
983 3660 1100 3720 uidetur
1123 3658 1224 3730 Quinti
1243 3676 1298 3720 ou·
1329 3701 1341 3716 .

152 3765 313 3821 ctoritatem
332 3778 421 3834 posse
442 3764 620 3833 confirmari
639 3763 698 3821 nisi
718 3752 879 3821 testimonio
896 3761 988 3834 falso.
1027 3762 1135 3820 deinde
1156 3763 1299 3823 immerito

156 3862 279 3930 (tutatus
300 3865 487 3936 epiprammu
512 3864 623 3935 secisse
646 3863 806 3936 serebatur
832 3864 888 3922 hoe
916 3865 946 3922 in
974 3864 1161 3937 unthotopios
1187 3866 1300 3923 tatinus

154 3970 302 4036 receptum
325 3981 344 4021 a
368 3964 545 4024 Burmanno
565 3965 622 4025 III
643 3973 681 4024 88
702 3973 731 4025 et
752 3982 771 4023 a
795 3967 917 4040 Meyero
938 3981 967 4024 n.
990 3972 1058 4033 245,
1083 3966 1162 4039 quod
1175 3965 1299 4040 pridem

158 4064 353 4122 Borrrdelotns
372 4069 528 4140 perspexit
542 4069 571 4125 in
589 4068 647 4128 dno
669 4068 861 4127 diuidendum
875 4083 937 4126 esse
952 4069 1086 4136 disticha,
1110 4083 1179 4125 nam
1194 4068 1300 4124 leuitas

111 4161 120 4167 ”
154 4169 310 4224 mulierum
332 4169 426 4226 altero
449 4170 632 4242 increpatur,
657 4171 751 4230 altero
772 4172 921 4245 nequitia:

358 4297 438 4351 crede
457 4298 548 4350 ratem
567 4299 669 4367 ventis:
688 4299 811 4353 animum
828 4317 863 4353 ne
882 4300 965 4354 erede
983 4298 1097 4368 puellis,

408 4396 529 4452 namque
548 4384 590 4436 est
608 4382 730 4436 feminea
744 4384 833 4438 tutior
851 4383 926 4437 unde,
943 4383 1005 4440 fide.

1057 4469 1098 4530 2*
